2648 4830
152 373 197 445 16
304 376 342 442 c.
370 375 511 443 sunu
540 375 774 444 casinis
802 374 1079 447 counitur.

145 529 221 575 suas
249 507 363 600 copias
389 505 626 594 traduxerant,
652 521 686 575 et
712 509 746 574 in
773 506 957 576 AEduorum
984 506 1095 600 fines]

145 625 283 699 nerant,
310 636 492 705 eorumque
514 636 612 706 agros
634 611 888 706 populabantur.
911 611 1031 700 AEdui,
1050 638 1095 707 qu

145 741 269 811 suaque
291 719 333 786 ab
355 720 393 787 iis
408 717 584 787 defendere
598 743 665 786 non
682 733 833 812 possent,
848 718 973 812 legatos
988 718 1031 786 ad
1044 720 1095 788 Ca

143 824 280 892 mittunt
296 838 449 918 rogatum
466 823 640 904 auxilium¹
657 849 664 892 :
686 853 703 888 «
716 827 761 892 ita
774 850 809 893 se
823 826 915 893 omni
932 839 1095 919 tempore¹

142 928 223 1024 pulo
248 955 387 999 romano
407 929 567 999 meritos²
588 954 675 1017 esse,
694 945 732 999 ut
752 955 836 1025 pene
856 934 890 1000 in
909 946 1091 1025 conspectu

143 1037 227 1105 citus
247 1040 370 1124 nostri,
390 1039 459 1130 agri
479 1038 617 1124 vastari,
633 1036 726 1105 liberi
746 1038 916 1105 commin
936 1038 1094 1106 servitute

142 1141 236 1229 duci,
249 1143 372 1236 oppida
387 1144 569 1236 expugnari
588 1167 655 1210 non
675 1141 887 1211 debuerint.»
910 1142 1037 1211 Eodem
1056 1158 1095 1212 tei

141 1272 207 1341 quo
223 1248 337 1336 AEdui,
351 1249 504 1317 Ambarri
523 1272 654 1342 quoque
668 1233 693 1335 ³,
708 1236 905 1318 necessarii⁴
920 1264 955 1317 et
971 1271 1095 1318 consan

139 1353 340 1441 AEduorum,
356 1357 520 1423 Caesarem
543 1356 716 1423 certiorem
744 1355 869 1424 faciunt
894 1379 981 1441 sese,
998 1355 1095 1450 depo}

138 1458 322 1554 agris,non
344 1460 438 1529 facile
459 1461 503 1528 ab
524 1460 653 1556 oppidis
668 1463 736 1529 vim
750 1461 895 1530 hostium
913 1461 1091 1555 prohibere

137 1563 354 1661 Allobroges,
370 1569 426 1660 qui
455 1580 545 1635 trans
569 1566 770 1649 Rhodanum
798 1569 889 1636 vicos
917 1568 1095 1661 possession

136 1670 321 1759 habehant,
333 1672 412 1767 fuga
426 1698 460 1741 se
474 1672 517 1740 ad
529 1674 693 1742 Caesarem
705 1675 885 1768 recipiunt,
894 1687 928 1741 et
942 1674 1095 1742 demonst

136 1778 216 1868 sibi,
233 1795 352 1874 praeter
374 1782 444 1872 agri
466 1777 591 1866 solum,
605 1779 685 1847 nihil
707 1804 777 1848 esse
800 1777 923 1873 reliqui.
948 1779 1080 1867 Quibus

134 1884 297 1954 adductus
325 1887 455 1973 Caesar,
476 1910 543 1953 non
572 1886 828 1979 exspectandum
857 1884 918 1953 sibi
947 1886 1081 1972 statuit,

133 1991 287 2059 omnihus
302 1991 442 2060 fortunis
455 1992 620 2060 sociorum
634 1994 855 2085 consumptis,
870 1994 904 2059 in
918 1993 1084 2060 Santonos

132 2097 209 2164 vetii
231 2099 450 2191 pervenirent.

185 2206 261 2271 XII.
285 2203 423 2272 Flumen
452 2219 502 2271 est
529 2206 631 2292 Arar,
649 2203 738 2298 quod
766 2229 825 2298 per
853 2202 935 2272 fines
956 2203 1095 2271 AEduort

131 2310 360 2402 Sequanorum
382 2312 416 2377 in
431 2309 631 2378 Rhodanum
652 2310 760 2378 inlluit
774 2309 956 2378 incredibili
971 2308 1095 2378 lenitate

129 2429 168 2483 ut
188 2415 308 2502 oculis,
324 2418 358 2482 in
381 2431 490 2484 utram
513 2431 641 2511 partem
664 2416 762 2501 lluat,
771 2416 913 2508 judicari
934 2440 1002 2483 non
1024 2441 1095 2509 poss

168 2599 233 2670 Car.
241 2599 289 2652 XI.
302 2601 454 2670 allegatum
462 2601 584 2653 amilium.
592 2599 641 2653 His
683 2602 766 2669 guiaer'
781 2599 928 2651 AEduorum.
947 2600 981 2650 At
998 2617 1092 2652 eorum

128 2675 197 2731 adde
211 2678 328 2743 duramen
340 2678 412 2750 quod
424 2677 588 2734 subauditur.
684 2677 757 2731 datio
774 2680 927 2732 auctoritate
944 2676 1021 2731 codd.
1036 2698 1093 2731 non

170 2777 195 2811 a.
218 2758 318 2810 Meiros
337 2780 392 2812 esse.
417 2760 461 2812 Ob
485 2772 640 2831 perpetuam
685 2771 737 2810 tur.
746 2759 1095 2830 Anbar-ripraetereaseparar

127 2835 209 2890 fidem
219 2856 280 2909 erga
291 2840 367 2891 llom.
376 2857 401 2892 r.
414 2860 437 2892 c.
454 2840 500 2903 43.
512 2853 539 2892 et
553 2840 637 2892 Strab.
684 2836 791 2904 AEduis,
800 2837 880 2903 infra,
891 2858 914 2890 c.
932 2845 965 2900 14
979 2856 986 2889 :
1001 2838 1066 2909 quod
1080 2859 1095 2890 a

126 2917 144 2968 l.
162 2935 249 2988 rv,p.
272 2920 416 2985 9².Tacit.
444 2938 504 2971 ann.
525 2920 637 2983 11‚25.
684 2918 749 2990 quod
761 2918 913 2979 Ambarros,
934 2931 982 2970 etc.
997 2918 1088 2969 Nostri

125 2995 237 3049 Eumen.
249 3017 342 3068 paneg.
355 2999 492 3050 Constant.
504 3017 528 3050 c.
547 3017 570 3050 a.
682 2995 760 3050 codd.
769 2996 1095 3051 fereomneshabenfflod

168 3077 194 3130 3.
206 3077 300 3128 Eadem
316 3090 469 3150 temporeque
476 3077 568 3139 AEdur',
577 3078 638 3153 Am·
677 3077 1095 3146 poreAEduiAmbarri,uecessariii

125 3155 193 3207 barri
207 3175 305 3228 quaeque.
322 3158 397 3210 Hanc
410 3157 549 3209 lectionem
564 3176 638 3210 revo-
722 3163 748 3220 4.
768 3157 908 3209 Necessarii.
924 3157 947 3206 li
961 3160 1086 3208 necessarii

125 3236 281 3288 cavimusex
292 3237 413 3302 Gravio,
422 3237 529 3288 Davisio
541 3249 567 3288 et
579 3237 636 3290 Go·
681 3248 732 3299 tur,
745 3236 773 3287 in
787 3255 853 3307 quos
867 3236 1009 3289 necessaria
1025 3235 1096 3289 offici

124 3312 218 3368 duiuo.
228 3316 388 3380 Aliissdm'
400 3316 527 3378 Ambarri,
542 3328 571 3367 ut
584 3317 637 3368 sint
680 3316 823 3380 feruntur,
839 3315 893 3367 sive
921 3328 1030 3386 propter
1056 3333 1095 3386 cop

124 3395 247 3447 Ambarri
277 3415 337 3466 pars
366 3396 451 3466 aliqua
477 3394 635 3448 AEduorum.
680 3414 757 3459 nem,
774 3395 829 3447 sive
850 3395 1007 3461 amicitiam,
1028 3395 1082 3447 sive

124 3475 211 3539 Quam
228 3476 367 3527 lectionem
385 3475 468 3528 secuti
486 3488 547 3528 sunt
561 3475 635 3529 Clar-
681 3476 760 3538 tium,
772 3486 821 3526 etc.

80 3545 85 3556 ⁴
124 3553 184 3607 kius
194 3567 221 3606 et
232 3553 407 3626 Oudendorp.
420 3553 471 3607 Sed
480 3555 569 3625 potior
578 3575 637 3608 nos·
710 3557 735 3607 5.
743 3553 1095 3606 Demonstrant.Certioremh

123 3644 164 3685 tra
180 3634 257 3686 lectio
271 3633 376 3686 videtur
390 3652 397 3687 :
413 3633 479 3686 adeo
494 3653 548 3686 non
564 3637 636 3687 enim
679 3646 795 3686 narrant.
807 3634 863 3687 Cic.
879 3632 913 3686 de
924 3634 972 3686 Or.
982 3635 1000 3686 l.
1013 3653 1040 3697 1,
1053 3652 1075 3685 c.
1093 3639 1095 3682 J

123 3714 252 3783 probatur
268 3716 410 3766 Ambarros
432 3715 510 3767 luisse
533 3728 634 3785 partem
726 3717 753 3767 6.
773 3714 804 3766 Iu
831 3713 958 3767 Santonos.
986 3713 1038 3764 Alii
1063 3712 1095 3766 Sa

65 3858 68 3862 Δ
123 3791 289 3858 AEduorum,
303 3806 331 3845 ut
345 3807 437 3846 contra
452 3814 481 3846 ex
498 3795 555 3864 ipso
576 3795 634 3846 Cae-
679 3795 827 3863 Utrumque
840 3794 915 3845 bene.

122 3873 366 3944 eare‚atqueLivio‚
375 3875 458 3939 v‚34‚
469 3873 567 3927 diversi
577 3894 634 3926 om·
719 3874 784 3925 Can.
801 3872 863 3925 XII.
884 3891 907 3923 r.
927 3872 1064 3924 incredibili
1083 3874 1095 3923 l

122 3952 189 4003 nino
199 3954 348 4006 rideantur.
365 3955 416 4004 Alii
430 3967 521 4006 contra
539 3954 635 4006 tollunt
679 3952 866 4006 Staatr'u'rnilem
879 3950 944 4004 dicit
954 3951 998 4003 Sil.
1010 3951 1069 4004 Ital.
1079 3952 1095 4004 l.

122 4048 200 4086 voces
220 4055 266 4106 quo
281 4035 377 4096 AEdur',
390 4047 416 4084 et
431 4034 540 4103 legunt:
555 4035 634 4085 eodem
681 4032 746 4096 451.
755 4032 787 4083 al.
796 4032 896 4093 levitate,
905 4032 1095 4101 etinterpretan

124 4125 225 4182 tempora
237 4114 353 4165 Ambarri
366 4119 490 4165 necessarii
500 4126 524 4164 et
534 4132 634 4166 consau-
680 4112 779 4164 tertiare.
787 4110 856 4164 Male
860 4123 902 4178 ,et
909 4123 1001 4164 contra
1006 4123 1095 4183 expett
