2640 5280
137 857 179 927 18
270 863 308 926 C.
336 859 479 926 JULII
508 858 743 927 CAESARIS
770 857 1046 926 COMMENT.

130 1014 207 1057 nam
225 991 333 1058 omnis
352 990 468 1058 civitas
484 987 659 1058 Helvetia
651 1015 685 1057 in
698 1003 841 1083 quantor
859 988 988 1084 pagos⁷
1011 988 1118 1057 divisa
1139 1001 1191 1056 cst

130 1098 193 1164 Hic
215 1120 320 1191 pagus
342 1120 445 1183 unus,
457 1120 560 1189 quum
581 1096 683 1165 domo
704 1098 838 1184 exisset,
854 1110 987 1190 patrum
1006 1108 1192 1163 nostrorum

130 1204 343 1271 memoriaL.
356 1203 508 1271 Cassium
524 1188 722 1271 Consulcsn⁸
737 1202 947 1271 interfecerat
953 1201 1091 1321 ,atejus
1109 1223 1194 1269 exer

130 1310 233 1377 citum
261 1309 358 1378 sub
347 1333 465 1403 jugum
494 1310 636 1379 miserat
666 1310 777 1395 Ita,
751 1332 821 1377 sive
848 1333 945 1396 casu,
961 1309 1031 1376 sive
1059 1304 1195 1376 consilio

130 1418 280 1484 Deorum
304 1413 558 1502 immortalium,
574 1439 648 1509 quae
669 1438 747 1509 pars
771 1415 911 1484 civitatis
939 1412 1099 1483 Helvetiae
1121 1413 1195 1481 insi·

130 1546 229 1615 gnam
252 1520 473 1590 calamitatem
493 1519 617 1616 populo
637 1544 775 1590 romano
793 1519 966 1607 intulerat,
982 1544 1022 1588 ea
1042 1520 1197 1613 princeps

130 1652 245 1721 poenas
267 1627 434 1721 persolvit
458 1628 537 1716 Qua
564 1630 598 1695 in
620 1652 655 1696 re
677 1629 790 1696 Caesar
810 1651 879 1695 non
900 1624 1008 1695 solum
1030 1623 1198 1720 publicas,

130 1733 187 1802 sed
215 1736 313 1803 etiam
341 1735 487 1828 privatas
513 1733 649 1826 injurias
677 1732 766 1802 ultus
793 1747 860 1820 est,
875 1730 965 1827 quod
992 1732 1065 1824 ejus
1091 1731 1198 1801 soceri

131 1843 168 1908 h
192 1838 345 1908 Pisonis⁹
364 1864 481 1926 avum,
496 1842 533 1908 L.
557 1842 710 1910 Pisonem
731 1839 894 1934 legatum,
908 1840 1057 1933 Tigurini
1077 1837 1200 1931 eodem

130 1944 261 2040 praelio,
277 1971 343 2040 quo
366 1948 535 2033 Cassium,
552 1945 792 2016 interfecerant.

183 2054 277 2120 XIII.
301 2055 375 2121 Hoc
403 2050 517 2146 praelio
544 2051 649 2140 facto,
671 2051 811 2147 reliquas
833 2053 946 2145 copias
968 2048 1197 2120 Helvetiorum

130 2173 166 2226 ut
193 2160 351 2253 consequi
375 2173 509 2253 posset,
532 2173 668 2253 pontem
694 2161 728 2227 in
751 2159 846 2228 Arari
868 2156 1054 2227 faciendum
1085 2170 1198 2241 curat,

128 2278 228 2359 atque
255 2266 300 2333 ita
328 2267 508 2334 exercitum
532 2265 675 2334 traducit
692 2264 712 2332 ¹.
741 2262 900 2351 Helvetii,
927 2265 1102 2357 repentino
1125 2263 1199 2354 ejus

127 2371 273 2440 adventu
287 2373 462 2459 commoti,
473 2396 576 2465 quum
593 2371 644 2459 id,
658 2370 747 2465 quod
763 2372 824 2465 ipsi
839 2370 954 2439 diebus
965 2370 1083 2464 viginti
1099 2392 1199 2464 aeger

128 2479 210 2545 rime
234 2476 463 2564 confecerant,
480 2491 518 2545 ut
546 2477 669 2545 flumen
699 2473 910 2563 transirent²,
926 2501 994 2545 uno
1022 2473 1116 2544 illum
1145 2473 1199 2543 die

128 2583 244 2652 fecisse
263 2530 497 2701 intelligerent,
513 2581 647 2713 legatos
660 2582 701 2650 ad
723 2608 800 2653 eum
820 2585 979 2651 mittunt.
995 2581 1092 2673 cujus
1112 2578 1199 2675 lega-

129 2690 226 2757 tionis
243 2691 363 2757 Divico
385 2690 539 2784 princeps
561 2675 647 2757 fuit3
651 2715 731 2783 ,qur
724 2687 834 2758 bello
856 2690 1016 2758 Cassiano
1037 2687 1107 2756 dux
1123 2685 1199 2757 IIel·

128 2797 293 2863 vetiorum
322 2794 437 2863 luerat.
466 2796 530 2863 Is
522 2810 567 2863 ita
593 2821 670 2865 cum
690 2798 821 2865 Caesare
847 2781 954 2889 agit⁴2
976 2824 993 2859 r
1019 2795 1053 2862 Si
1079 2816 1197 2887 pacem

129 2900 272 2995 populus
293 2927 450 2970 romanus
473 2926 550 2971 cum
574 2901 731 2970 Helvetiis
752 2902 923 2987 Iacerets
914 2926 948 2968 m
970 2924 1043 2968 eam
1065 2913 1200 2994 partem

129 3010 232 3076 ituros
250 3021 349 3137 atque
370 3008 413 3075 ibi
432 3007 561 3075 futuros
582 3007 771 3127 Helvetios,
788 3008 844 3075 ubi
866 3031 923 3076 eos
945 3008 1056 3075 Caesar
1078 3008 1207 3076 consti·

128 3099 269 3182 tuissct⁵
291 3129 390 3208 atque
410 3138 480 3182 esse
501 3111 682 3183 voluisset:
701 3117 751 3184 sin
771 3112 858 3182 bello
875 3114 1026 3242 persequi
1047 3137 1205 3207 perseve-

129 3235 236 3308 raret,
254 3221 519 3322 reminisceretur
546 3236 580 3290 et
605 3223 725 3290 veteris
748 3203 976 3290 incommodi⁶
999 3217 1117 3313 populi
1144 3244 1204 3289 ro-

170 3404 196 3453 7.
215 3385 245 3436 In
266 3397 369 3456 quatuor
380 3403 468 3454 pagos
489 3382 556 3438 Cod
575 3386 638 3455 Reg.
682 3384 716 3439 Id
730 3386 810 3438 semel
823 3382 951 3438 indicasse
964 3384 1199 3439 manubiarum

132 3464 206 3533 5764
223 3459 296 3515 addit
308 3463 352 3513 cel
359 3475 452 3534 partes.
467 3463 490 3514 E
503 3464 596 3534 glossa.
629 3484 636 3501 ·
683 3462 926 3519 fuit.Codd.nostri
934 3465 997 3535 Reg.
1006 3465 1098 3533 5764,
1109 3466 1196 3535 5770,

161 3545 187 3596 8.
195 3542 225 3594 L.
235 3542 343 3594 Cassiam
350 3542 474 3594 Consulem
483 3545 638 3610 interjecerat.
686 3545 775 3614 5783,
787 3558 813 3598 et
827 3543 871 3596 alii
886 3544 985 3597 hahent
997 3555 1094 3597 corat..
1110 3543 1193 3597 mda-

129 3622 192 3674 IIaec
207 3621 333 3692 legvmtur
349 3622 377 3674 in
391 3623 504 3693 Appiani
519 3622 639 3687 Celticis,
683 3628 728 3685 cit,
745 3642 801 3677 non
820 3624 962 3684 transducit,
980 3623 1021 3675 uti
1041 3636 1192 3677 constantes

128 3720 155 3773 p.
166 3702 237 3770 755,
245 3699 287 3753 ed.
299 3701 389 3772 Steph.
401 3700 479 3754 ducta
493 3720 524 3754 ex
535 3700 641 3754 Claudii
683 3703 801 3774 praebeut
817 3702 878 3756 edd.
893 3704 984 3756 Germ.
998 3715 1025 3756 et
1037 3702 1165 3773 Anglicte.

130 3781 205 3832 Pauli
222 3780 367 3833 annalibus.
377 3781 414 3833 Ea
432 3779 518 3834 clades
531 3779 565 3834 ad
577 3800 637 3834 aun.
725 3802 751 3836 s.
776 3784 810 3835 Ut
821 3785 915 3854 flumen
931 3786 1066 3834 transirent.
1085 3782 1191 3836 Ciaoeo·

132 3860 167 3912 U.
180 3859 211 3913 C.
223 3863 280 3923 646
292 3861 415 3931 pertinet.
427 3861 478 3913 Os.
682 3862 761 3915 nius:
779 3888 791 3910 ι
810 3863 910 3915 Dubito
928 3881 961 3914 an
975 3862 1031 3914 hec
1045 3862 1131 3914 verba
1142 3863 1192 3918 aiat

171 3958 197 4007 9.
221 3939 296 4009 Quod
315 3943 364 4010 ejus
386 3945 461 3992 soceri
481 3941 510 3992 L.
535 3941 637 3992 Pisonis.
684 3941 822 3995 Caesaris.»
838 3941 1058 3995 Imffleritoanam
1072 3940 1192 3995 hoec»

129 4019 216 4072 Cesar
228 4019 299 4071 enim
311 4019 482 4090 Calpurniam
488 4021 520 4072 L.
528 4020 639 4085 Pisonis,
681 4040 724 4074 aar
735 4019 840 4074 addidit
853 4022 983 4090 espessia<
992 4038 1078 4074 causa.
1091 4022 1162 4074 Dav.

127 4093 179 4151 sibi
193 4099 221 4149 in
236 4099 373 4151 consulatu
387 4100 542 4165 successuri,
556 4100 638 4152 filiam
724 4102 749 4153 3.
770 4102 884 4172 Princeps
892 4103 952 4168 sus't.
967 4102 1029 4153 Dua
1040 4099 1192 4171 prunarias.

127 4197 237 4232 uxorem
248 4176 367 4232 duxerat.
379 4179 449 4232 Suet.
459 4217 468 4246 ,
480 4179 534 4232 Jul.
552 4197 575 4232 c.
591 4198 636 4234 π.
723 4189 750 4245 t.
770 4181 842 4251 Agit.
856 4182 888 4234 al.
903 4185 960 4250 egit.
976 4180 1070 4233 melius
1083 4185 1155 4250 agis,
1164 4192 1193 4234 at

166 4258 231 4312 Car.
247 4258 325 4312 XIII.
345 4277 368 4311 s.
388 4259 509 4312 Posset...
530 4272 636 4313 curat...
681 4261 811 4314 coherent
826 4281 888 4315 cum
901 4279 933 4313 eo
949 4258 1127 4331 quodsupra,
1141 4265 1194 4314 nst

126 4339 239 4392 traducit.
257 4336 325 4393 Cod.
347 4339 410 4409 Reg.
430 4339 506 4410 Angl.
526 4351 553 4390 et
572 4337 636 4393 edit.
682 4354 742 4393 tunt.
753 4340 845 4394 Nostri
867 4338 953 4394 codd.
967 4345 1025 4411 egit.

125 4420 202 4471 Rom.
217 4423 363 4472 curavit...
383 4419 527 4471 transduxit.
544 4423 592 4484 At,
607 4432 637 4473 ut
723 4422 748 4473 5.
773 4420 822 4472 Ubi
835 4441 873 4472 eos
886 4420 971 4474 casas
980 4419 1193 4474 commem

123 4511 195 4551 recte
206 4498 355 4553 observavit
367 4499 475 4565 Clarke,
483 4511 585 4553 constat
594 4511 637 4552 nt·
681 4500 772 4553 multis
786 4498 864 4553 codd.
880 4499 953 4553 deest
966 4520 1013 4553 eos.

124 4595 238 4647 cumque
252 4591 403 4650 temporum
414 4581 495 4646 ratio,
510 4579 636 4652 quoniam
725 4584 752 4634 6.
762 4580 856 4632 Veteris
862 4580 1010 4632 incommodi.
1017 4576 1111 4645 Quod,
1120 4580 1196 4634 victo

102 4700 105 4705 .
123 4674 165 4709 res
177 4659 321 4728 preterita,
332 4671 362 4713 ut
375 4678 489 4732 ρωποι
503 4671 635 4715 narratur.
680 4659 786 4726 Cassio,
798 4658 1027 4732 acceperantvid.
1039 4662 1095 4728 6,7
1109 4671 1138 4714 et
1148 4678 1195 4714 aa.
