2648 4830
523 431 700 502 NOTAE.
828 430 830 434 ⁴
1073 457 1146 504 xvrt

61 626 68 643 ,
115 563 162 622 15.
179 567 260 620 Acus
265 561 397 635 furores.
415 561 534 634 Fulvia,
553 562 647 620 Marci
662 547 785 620 Antonii
800 560 977 619 exsecranda
991 581 1086 636 uxor,
1101 565 1145 622 vi·

70 660 136 720 rilis
155 660 286 720 audacias
306 658 430 729 mulier,
447 670 478 717 ct
492 658 642 719 bellorum
658 658 791 717 civilium
806 678 894 738 pars,
910 678 1003 736 quum
1019 662 1148 719 recisum

68 759 225 818 Ciceronis
243 757 412 816 obtruncati
429 769 517 834 caput
538 756 676 815 manibus
698 768 831 828 teneret,
848 768 979 815 exertam
996 755 1077 815 illius
1096 779 1148 818 ore

70 856 222 935 linguam,
239 857 348 914 iterum
367 866 398 913 et
417 855 524 932 sapius
543 873 600 912 acu
618 873 708 912 aurea
727 853 905 932 pungendo,
926 853 1058 933 trajicere
1074 876 1148 933 gau-

71 953 173 1012 debat.

118 1079 164 1136 16.
185 1080 303 1153 Etspcs
316 1078 536 1135 etmti'o......
553 1080 661 1133 iuven.
679 1078 738 1134 Sat.
756 1077 827 1149 vn,
844 1096 872 1132 v.
894 1094 920 1130 1.

10 1256 12 1260 ,
117 1221 163 1275 17.
184 1203 316 1258 Liberem
325 1203 442 1277 gratior
461 1214 553 1258 extat.
575 1199 757 1260 Claudianus
779 1199 817 1258 de
840 1198 973 1258 mundo
988 1200 1150 1259 Consulatu

70 1297 262 1369 Stilichonis,
275 1317 304 1354 v.
323 1306 390 1366 ¹14·

116 1423 161 1480 18.
188 1424 249 1478 Tuo
261 1422 356 1478 Pindo
368 1421 532 1477 excludere.
549 1419 721 1476 Lucretium
733 1429 763 1475 et
774 1418 966 1489 Petronium,
982 1419 1060 1476 inter
1073 1418 1151 1478 Clas·

71 1520 150 1578 sicos
172 1519 330 1597 scriptores
348 1517 405 1576 sibi
419 1517 548 1588 dicatos,
565 1515 719 1574 admittere
736 1515 833 1573 noluit
853 1516 1022 1575 Ludovicus
1037 1520 1148 1576 XVIII.

116 1672 162 1724 ¹9·
172 1646 311 1700 Juvenum
317 1641 495 1718 Detvtmum
493 1642 620 1717 fingere.
629 1640 925 1710 LucretiumCarum,
931 1640 984 1718 qui
992 1639 1149 1699 doliorum

72 1745 187 1802 Natura
196 1760 247 1800 sex
257 1739 422 1799 carminum
435 1738 529 1798 libros
538 1737 671 1816 scripsit,
682 1757 745 1795 non
757 1737 864 1796 minori
875 1757 962 1809 cura,
975 1757 1065 1816 qnam
1079 1759 1152 1818 qua·
1177 1748 1182 1755 ·

71 1837 208 1918 draginta
232 1835 306 1895 alios
327 1846 480 1906 auctores,
501 1833 758 1912 interpretandum
780 1846 810 1891 ct
832 1831 1044 1893 illustrandum
1061 1834 1151 1912 jussit

72 1935 243 1995 Lndovicns
258 1939 347 2006 XIV,
364 1936 409 1991 ad
421 1954 506 1991 usum
521 1934 702 1992 Serenissimi
716 1932 868 2008 Derlaini.

114 2079 163 2122 ao.
180 2059 289 2117 Christi
296 2058 447 2115 Sacerdos.
461 2055 720 2127 Anti-Lucretius,
732 2055 791 2112 sive
801 2053 840 2113 de
848 2057 912 2113 Deo
921 2068 952 2114 et
960 2067 1066 2113 natura
1078 2054 1150 2114 libri

46 2216 49 2223 ,
73 2175 199 2229 novem,
218 2155 329 2234 quibus
352 2153 539 2224 Lucretium,
563 2153 686 2231 Epicuri
705 2153 876 2211 somniantis
897 2151 1096 2232 discipulum,
1120 2166 1150 2212 et

74 2235 240 2311 Atheornm
261 2250 423 2309 antistitem
446 2249 553 2307 collato
580 2248 657 2328 pede
683 2247 868 2328 profligavit,
894 2250 941 2307 vir
964 2269 1025 2308 non
1050 2249 1149 2308 solum

75 2351 201 2408 maxima
213 2367 338 2427 poeseos
355 2346 460 2418 lande,
473 2345 576 2425 vigore
590 2346 716 2425 ingenii,
734 2358 763 2405 et
780 2346 812 2404 in
831 2346 1006 2425 gravissimis
1021 2348 1148 2425 Europa

75 2445 198 2526 negotiis
218 2443 376 2503 tractandis
399 2443 557 2521 prudentia
581 2443 776 2519 conspicuus,
797 2441 849 2501 sed
871 2443 959 2501 etiam
978 2444 1009 2501 in
1025 2444 1149 2502 tutanda

74 2543 237 2602 christiana
252 2541 404 2621 religionis
416 2560 503 2599 causa
518 2531 711 2618 suspiciosus,
725 2553 815 2620 atque
831 2543 932 2600 oannis
943 2553 1005 2599 tuta
1021 2544 1126 2599 timens
1133 2584 1144 2614 ,

75 2641 106 2699 S.
122 2645 159 2698 n.
177 2644 210 2702 Ε.
226 2637 390 2699 cardinalis
405 2636 553 2696 Melchior
567 2639 604 2695 de
618 2639 770 2714 Poligmac.
