2640 5280
194 867 274 916 ων
441 842 705 912 EDIToltls
730 844 1022 915 PRAEFATIO.

237 971 308 1040 Neo
324 993 411 1038 our·
430 971 552 1045 minori
570 970 668 1036 nobis
684 992 736 1036 ree
754 974 996 1063 geographicas,
1018 996 1093 1062 qun
1111 976 1147 1038 in
1173 977 1277 1066 scrip·

195 1095 266 1144 tere
284 1077 432 1166 quolibet
445 1076 602 1147 historico
616 1094 723 1168 partes
736 1080 899 1148 sustinent
913 1079 994 1145 adeo
1009 1102 1134 1170 graves,
1146 1098 1186 1146 ut
1200 1104 1272 1149 non

194 1185 360 1252 immerito
375 1185 512 1249 alterum
534 1184 673 1250 huton'ae
690 1185 795 1250 lumen
812 1184 907 1250 dicte
925 1187 1003 1251 olim
1021 1189 1144 1253 fuerint
1165 1212 1174 1252 ε
1194 1211 1273 1254 nes·

195 1292 261 1357 cire
270 1291 358 1357 enim
370 1290 430 1356 ubi
440 1291 499 1374 sis,
519 1290 689 1379 atquibus
707 1313 783 1356 cura
799 1291 929 1382 populis
947 1314 998 1357 rcs
1017 1311 1147 1383 agatur,
1164 1316 1273 1385 geum

196 1395 363 1486 quoddam
387 1397 537 1462 cecitatis
564 1395 687 1477 dicam,
708 1418 775 1461 non
804 1395 997 1486 pudendum
1019 1398 1150 1482 minus,
1169 1421 1272 1488 quani

197 1504 320 1570 nescire
331 1501 412 1591 quid
423 1519 599 1591 antequam
611 1519 707 1568 natus
716 1504 815 1567 fireris
826 1504 860 1566 in
872 1503 952 1568 orhe
962 1520 1089 1594 gestum
1098 1506 1150 1570 sit.
1159 1508 1272 1591 Quam

195 1611 302 1698 operis
313 1626 439 1698 partem
452 1633 521 1698 que
532 1608 643 1681 studio
659 1609 899 1692 curaverimus,
910 1609 1047 1700 patebit,
1059 1628 1131 1676 tum
1146 1633 1166 1676 c
1182 1614 1274 1679 notis

196 1717 273 1804 ipsis
291 1716 373 1787 loco-
385 1714 630 1805 interpretando
655 1715 828 1804 adpositis,
847 1732 919 1780 turn
943 1738 982 1781 ex
1000 1716 1112 1783 Indice
1125 1718 1273 1809 Congre-

194 1823 309 1911 phion,
320 1823 379 1910 qui
391 1838 499 1888 totum
518 1845 602 1911 opus
619 1822 813 1905 concludet,
829 1840 862 1887 et
873 1823 967 1903 cujus
985 1824 1149 1913 specimen
1168 1825 1275 1890 lector

196 1929 328 1994 habebit
345 1928 388 1995 ad
405 1930 525 1994 onlnem
543 1931 639 2018 primi
659 1930 794 2011 hujusce
809 1930 999 2012 voluminis,
1017 1932 1051 1994 in
1070 1931 1178 1997 verbis
1194 1931 1275 1997 Gal-

197 2036 258 2118 lia,
277 2034 384 2118 Galli,
397 2054 429 2101 ct
446 2036 657 2124 Agendicum.
677 2038 821 2103 Multum
832 2037 943 2102 aberat
970 2039 1080 2126 utqui
1097 2061 1167 2103 rem
1181 2041 1274 2128 prio-

197 2165 247 2207 ras
264 2159 500 2227 mactaverunt,
518 2144 607 2209 haud
624 2144 800 2209 dilliculter
817 2087 1017 2209 tractandam
1033 2147 1273 2234 posterioribus

195 2249 385 2337 reliquerint
405 2273 413 2314 t
434 2250 647 2316 discutiendas
665 2251 752 2315 enim
770 2250 929 2333 tenebre,
958 2251 1078 2338 quibus
1109 2275 1275 2340 quorum·

197 2355 273 2421 dam
287 2357 435 2420 locnrurn
455 2359 553 2438 situs,
569 2374 602 2421 et
615 2359 666 2422 vel
682 2359 750 2445 ipsa
768 2358 901 2425 urbium
915 2375 973 2422 aut
989 2359 1189 2447 populorum
1209 2383 1274 2425 no-

198 2461 287 2527 mina
303 2461 412 2531 adhue
429 2462 692 2542 involvebantur,
704 2463 739 2527 in
760 2461 861 2526 Gallia
878 2464 1055 2551 presertim
1065 2466 1182 2546 veteri,
1193 2488 1274 2537 cum

197 2568 370 2636 recentiori
383 2568 594 2651 conferenda,
607 2570 754 2657 qtramvis
771 2591 842 2633 eam
861 2569 909 2634 vir
928 2570 963 2634 in
977 2588 1045 2636 arte
1056 2573 1274 2661 geographica

196 2674 482 2762 praestantissimus
498 2675 674 2756 d’Anvt'llc,
697 2692 730 2739 et
747 2676 846 2764 paulo
863 2693 938 2740 ante
960 2676 1064 2751 Hadr,
1081 2678 1122 2741 de
1140 2676 1274 2758 Vanis,

199 2802 267 2844 non
285 2779 383 2845 docte
401 2782 511 2846 minus
535 2805 635 2869 quam
660 2782 815 2872 sagaciter
837 2782 1075 2871 descripserint.
1095 2781 1158 2847 Sed
1178 2784 1274 2848 novis

198 2886 233 2950 in
249 2886 318 2952 dies
331 2889 473 2954 inventis
491 2913 541 2954 ars
559 2891 753 2978 locupletata
771 2912 894 2956 novum
914 2891 1051 2980 ingeniis
1067 2913 1206 2955 acumen
1226 2893 1275 2955 in-

199 2991 296 3076 didit,
311 3010 344 3058 et
360 2995 448 3060 viros
465 2996 648 3076 suscitavit,
664 2996 723 3084 qui
742 2997 839 3062 tantis
857 2997 933 3059 viris
953 3018 1020 3059 non
1040 2997 1180 3085 impares
1196 3019 1273 3067 suc·

199 3099 366 3175 cederent,
381 3123 443 3164 nec
460 3101 505 3164 ita
522 3100 668 3164 certandi
683 3100 834 3188 cupidos,
848 3122 946 3187 quam
965 3099 1105 3164 scientie
1121 3102 1224 3189 ipsius
1241 3119 1274 3168 et

200 3207 268 3273 veri
286 3227 397 3269 amore
418 3206 593 3270 liberaliter
610 3207 770 3271 incensos.
790 3206 865 3270 lllos
889 3207 975 3270 inter
999 3208 1169 3271 nominare
1195 3210 1274 3277 satia

202 3328 251 3376 cst
266 3311 307 3376 V.
321 3311 356 3378 C.
370 3311 488 3376 Barte‘
496 3313 542 3377 du
555 3314 697 3400 Bocage,
708 3331 741 3378 et
754 3313 798 3377 N.
811 3312 847 3377 L.
860 3312 1051 3391 Anteiam,
1061 3329 1100 3377 ut
1110 3313 1274 3403 quidquid

202 3419 236 3481 in
256 3440 353 3505 opere
369 3434 482 3482 nostro
498 3418 539 3483 ad
554 3418 791 3508 Geographiam
802 3419 958 3506 pertinet,
973 3418 1073 3507 digne
1084 3418 1275 3503 laudatum,

203 3524 345 3610 satisque
361 3523 475 3586 lectori
490 3523 755 3587 commendatum
775 3525 947 3588 amborum
962 3525 1096 3587 nomine
1113 3523 1261 3612 prodeat.

247 3629 391 3704 Multum
410 3653 542 3717 quoque
560 3630 658 3697 debet
677 3632 783 3697 casn
801 3646 925 3712 notter,
936 3631 1079 3700 multum
1097 3633 1204 3718 etqui
1223 3656 1275 3697 se·

203 3737 521 3824 quenturdebebunt
531 3739 735 3828 typographo
743 3738 965 3818 celeberrimo,
977 3738 1069 3818 eujus
1076 3739 1276 3827 Europeum⁸

205 3865 325 3908 nornen
344 3867 421 3909 cum
448 3844 549 3936 ipsius
573 3845 650 3908 artis
669 3845 803 3910 nomine
826 3845 1040 3924 conjunctum
1062 3845 1104 3909 ad
1128 3863 1277 3934 posteros

205 3948 282 4031 ibit,
299 3949 478 4017 honorifice
496 3948 743 4038 excipiendum,
760 3949 818 4015 Vir
835 3950 993 4039 politioris
1011 3950 1171 4038 cujusque
1188 3951 1277 4017 litte·-

205 4071 324 4120 rature
340 4080 440 4121 succo
453 4057 618 4139 imbutus,
634 4079 694 4121 nee
706 4057 825 4121 Graecis
843 4074 940 4121 utens
958 4056 1155 4120 familiariter
1167 4057 1280 4123 minus

206 4185 305 4249 quarn
324 4164 468 4248 Latinis,
486 4164 749 4252 unumquodque
772 4165 936 4255 specimen
958 4164 1061 4228 oculis
1079 4164 1195 4245 subjici
1217 4187 1280 4229 vo·

207 4268 285 4351 luit,
304 4293 363 4335 nec
386 4269 504 4339 menda
522 4272 644 4347 solum,
663 4272 782 4359 aisque
799 4269 998 4352 eruderant,
1018 4271 1163 4347 sustulit,
1175 4270 1234 4339 ted
1246 4288 1282 4339 et

207 4375 300 4464 plum
307 4377 763 4466 sagaciterannotavit,quoein
773 4376 1280 4442 meliusmutataconsanuerunt.

211 4474 216 4482 ’
253 4482 311 4547 llis
343 4483 497 4548 omnibus
524 4484 659 4565 exactis,
675 4484 776 4548 lector
804 4483 1054 4568 humanissime,
1073 4498 1220 4574 superest
1241 4499 1282 4551 ut

209 4605 359 4678 suscepto
373 4591 408 4654 in
422 4607 512 4655 tuam
530 4590 704 4656 utilitatem
723 4582 826 4662 labori
841 4591 947 4660 lavere
959 4589 1047 4657 velis.
1059 4588 1140 4655 Vive
1153 4603 1187 4655 et
1198 4588 1281 4655 vale.
