2640 5280
194 882 261 951 IN
295 882 631 951 EPISTOLAM
664 884 1129 954 DEDICA'I'ORIAM.

361 1107 975 1176 κ--ιςοῡ--ή

168 1399 193 1435 ι.
202 1380 258 1436 Nil
264 1378 322 1435 nli
330 1377 580 1448 vincendum‚etc.
590 1382 659 1436 Post
666 1376 780 1436 bellum
789 1377 936 1438 Gallicum
943 1378 1046 1438 decem
1056 1399 1203 1439 annornm

131 1476 219 1552 spatio
231 1474 418 1548 confectum,
429 1479 457 1532 J.
470 1476 566 1533 Caesar
578 1473 615 1533 ad
629 1475 813 1551 Reipublicae
827 1488 936 1535 statum
948 1478 1036 1536 armis
1049 1477 1205 1536 immutan-

132 1570 201 1629 dam
217 1571 312 1649 coepit
328 1590 359 1629 se
377 1572 546 1650 accingere,
554 1572 639 1646 jeliu
651 1574 714 1642 νίν,
728 1571 844 1651 judicio
859 1572 932 1630 Julii
948 1573 1041 1645 Celsi,
1056 1578 1084 1631 si
1093 1577 1205 1651 patn'ae

133 1668 224 1725 hostes
245 1682 384 1740 tantum,
401 1689 460 1725 non
480 1681 511 1725 et
523 1671 657 1744 patruum
678 1670 820 1726 vudsett
836 1668 912 1727 Vide
932 1669 1008 1727 hanc
1024 1668 1204 1744 editionem,

136 1765 192 1823 rol.
208 1769 272 1837 111,
289 1784 356 1842 pag.
373 1765 448 1837 245,
464 1764 503 1823 de
515 1764 575 1822 vita
589 1769 616 1822 J.
631 1765 760 1824 Caesaris.

166 1919 195 1956 a.
215 1899 354 1955 Civilibus
363 1900 463 1954 umus.
475 1896 608 1955 Primum
619 1897 675 1955 hoc
688 1897 828 1956 volumen
839 1898 1066 1957 commentarios
1078 1897 1206 1959 debello

128 1994 243 2053 Gallico
263 2007 396 2069 tantum,
410 1994 524 2052 nonde
540 1994 628 2054 Civili
643 1995 784 2053 continet.

164 2130 195 2187 3.
214 2131 353 2185 Venusto.
364 2128 424 2187 Cic.
435 2129 466 2185 in
476 2131 580 2198 Bruto,
591 2108 697 2185 cia6a.
712 2128 970 2187 «Commentarios
985 2130 1102 2207 scripsit
1111 2133 1207 2189 Caesar

125 2226 212 2284 valde
227 2225 418 2304 probandos;
435 2225 511 2282 nudi
527 2225 606 2283 enim
620 2238 690 2282 sunt
704 2237 734 2283 et
746 2227 873 2284 venusti.
887 2251 899 2276 a

167 2371 197 2430 4.
216 2361 309 2415 Victis
313 2360 431 2434 sutalru
433 2399 518 2415 .....
529 2360 763 2434 Vocessuperboe.
776 2358 835 2417 Tit.
848 2358 911 2416 Liv.
921 2357 943 2414 l.
958 2363 996 2430 V,
1007 2378 1033 2415 c.
1045 2359 1206 2426 utttrnitte

121 2457 233 2537 pondo
246 2457 312 2514 anri
326 2456 455 2534 pretium
468 2453 574 2533 populi
588 2455 727 2534 gentibus
742 2475 812 2513 mox
826 2455 1000 2532 imperaturi
1023 2455 1134 2512 lactum
1144 2499 1150 2511 .
1162 2500 1168 2512 .
1179 2500 1205 2513 ..

119 2554 247 2613 additus
259 2553 297 2612 ab
312 2553 458 2611 insolente
474 2556 596 2611 Brenno
618 2551 744 2629 ponderi
759 2551 876 2630 gladius
894 2573 901 2608 ε
918 2551 1078 2629 auditaque
1094 2552 1205 2611 intole-

122 2651 220 2710 tanda
235 2653 375 2709 Romanis
389 2669 463 2722 vox,
481 2671 531 2708 atoe
540 2652 627 2707 victis
642 2669 713 2706 esse.
728 2674 741 2701 a

167 2785 196 2842 5.
209 2785 317 2840 Solem.
333 2788 360 2841 J.
373 2782 493 2842 Caesaris
508 2781 601 2839 libros
619 2781 656 2839 de
681 2779 813 2838 siderum
833 2791 917 2837 moto
939 2782 1120 2858 compositos
1138 2782 1206 2840 lau·

122 2881 177 2940 dat
192 2880 326 2951 Plinius,
343 2879 396 2939 lib.
412 2882 534 2951 XXIII,
549 2899 614 2956 cap.
633 2879 681 2936 25.
699 2880 803 2936 coesar
815 2880 953 2934 Dictator
964 2898 1058 2936 annos
1075 2882 1119 2935 ad
1135 2884 1206 2937 solis

122 3000 244 3036 cursum
262 2980 373 3053 redegit
385 2980 513 3054 st'ngulos
519 3000 532 3048 ,·
545 2990 601 3036 etc.
613 2981 684 3036 IIaec
698 2976 867 3056 angustiore
882 2995 1017 3035 sermone
1030 2976 1118 3035 Plinii
1139 2997 1207 3036 con-

123 3088 237 3148 tracta,
248 3076 342 3132 fusius
355 3074 481 3153 explicat
496 3074 666 3132 Macrobius
681 3074 733 3133 lib.
754 3095 779 3131 1.
795 3074 943 3134 Saturnal.
958 3085 1021 3132 toto
1035 3076 1130 3152 capite
1150 3085 1203 3144 14:

128 3176 162 3232 C.
174 3177 206 3231 Ι.
224 3176 450 3231 Coesuromnem
461 3173 539 3230 lianc
551 3174 777 3229 inconstantiam
790 3185 967 3247 temporum,
984 3193 1092 3247 vagum
1105 3173 1205 3229 adhuc

125 3290 154 3333 et
165 3279 307 3333 incertum
316 3319 325 3348 ,
335 3277 366 3330 in
379 3277 511 3332 ordinem
522 3287 608 3331 statoe
618 3276 797 3348 definitionis
809 3276 917 3348 coegz't,·
931 3287 985 3329 etc.
999 3273 1107 3330 lisdem
1118 3293 1204 3350 paene

127 3371 227 3430 verbis
242 3391 305 3428 rem
318 3381 417 3428 narrat
432 3370 568 3443 Solinus,
585 3389 649 3447 cap.
667 3390 699 3440 r,
720 3389 787 3447 pag.
804 3368 853 3425 85.
870 3368 946 3426 Vide
963 3370 1133 3441 Petusium,
1149 3369 1202 3427 lib.

127 3473 167 3529 IV
175 3514 185 3543 ,
199 3469 237 3526 de
251 3468 386 3526 doctrina
400 3472 505 3546 Temp.
518 3487 583 3545 cap.
601 3468 635 3539 3,
651 3487 717 3545 pag.
734 3468 802 3542 319.
819 3466 981 3523 Suetonius
996 3467 1028 3523 in
1043 3467 1103 3524 vita
1115 3470 1206 3525 Caesa·

128 3569 180 3639 ris,
191 3586 257 3645 cap.
270 3575 309 3633 40
323 3586 330 3622 :
342 3569 448 3622 Fastos
462 3567 601 3636 correxit,
607 3565 788 3639 jampridem
800 3565 871 3620 vt'tio
882 3564 1055 3634 Pontificum
1064 3566 1140 3621 adeo
1151 3578 1206 3621 tun

128 3666 224 3735 batos,
242 3676 296 3720 etc.
313 3666 408 3721 Caesar
423 3663 505 3741 ipse,
525 3661 606 3740 apud
620 3665 791 3733 Lucanum,
807 3659 936 3718 Pharsal.
952 3659 1005 3718 lib.
1020 3665 1068 3735 Χ,
1082 3682 1110 3719 v.
1132 3661 1204 3732 185,

127 3763 166 3821 sic
181 3763 220 3821 de
238 3780 270 3819 se
284 3760 421 3839 loquitur
438 3782 445 3817 :

277 3917 508 3934 ...........
528 3883 610 3933 medIa
628 3883 787 3948 interpraelis
800 3899 898 3948 semper

268 3973 401 4021 stellarum
415 3973 517 4038 colique
527 3973 620 4039 plagit,
633 3974 780 4038 superisque
791 3972 889 4033 ποινῆς

269 4063 324 4113 Nec
334 4079 405 4113 meos
414 4059 517 4114 Eudoxi
526 4063 641 4113 tiaostnr
652 4061 758 4111 fastibus
767 4076 854 4110 annus.
