2640 5280
209 902 274 951 vm
606 880 885 981 EPISTOLt

209 1002 349 1115 Primus
371 998 444 1100 agit
464 1000 608 1074 doctam
629 1027 696 1101 per
718 1000 854 1074 Gallica
871 1023 983 1098 regna
1003 995 1240 1096 phalangem,

208 1141 332 1233 Regna
355 1135 423 1208 sibi
445 1137 594 1209 lustrata
612 1136 694 1227 diu,
718 1138 783 1234 qui
799 1133 893 1208 ferre
914 1135 1095 1233 priorem,

137 1315 138 1318 =
209 1272 258 1339 Ut
277 1268 482 1366 quondam,
505 1269 690 1359 indocilis,
705 1268 832 1345 crinali
852 1283 889 1341 et
911 1281 1077 1364 tempora
1097 1263 1203 1334 lauro

211 1399 320 1471 Calva
338 1418 555 1489 coronatus,
575 1403 699 1475 Gallos
721 1402 923 1489 domuisse,
945 1396 1175 1495 triumphum

211 1530 374 1603 Credidit
397 1533 576 1632 insignem
599 1537 736 1624 Caesar,
756 1532 971 1632 populoque
991 1529 1137 1630 potenti

212 1664 393 1734 Virtutem
406 1665 606 1762 ingenitam
615 1678 786 1762 expertus
797 1662 853 1734 bis
866 1663 1030 1761 quinque
1040 1684 1107 1759 per
1116 1681 1259 1746 anuos,

209 1795 268 1867 Nil
290 1795 358 1867 sibi
377 1796 618 1883 vincendum,
640 1811 772 1896 praeter
790 1810 846 1885 te,
869 1802 1002 1883 Roma,
1021 1794 1189 1892 putavit.¹

141 1936 145 1943 '
210 1931 317 2000 Nunc
338 1929 467 2027 procul
490 1955 511 2001 a
531 1930 685 2029 strepitu
704 1930 855 2017 lituum,
874 1943 911 2001 et
926 1918 1096 2000 'civilibus
1117 1928 1251 1998 armis¹

208 2064 450 2131 Intemeratus
472 2060 611 2151 adhuc,
634 2060 700 2133 tibi
718 2059 905 2159 vectigalia
926 2060 1052 2148 solvit;

207 2195 468 2291 Romanusque
490 2195 601 2267 cliens
624 2196 715 2269 sistit
737 2208 773 2268 te
792 2192 915 2289 judice
933 2190 1065 2280 libros,

208 2324 331 2396 Prodit
350 2324 416 2396 ubi
436 2327 630 2398 historicus
651 2327 789 2398 calamo
808 2326 989 2424 descripta
1006 2325 1184 2397 venusto³

207 2457 324 2544 Bella,
345 2457 556 2556 triumphali
578 2483 660 2556 quae
680 2457 754 2528 dux
774 2455 978 2528 confecerat
999 2450 1112 2528 ense':

207 2594 293 2659 Jure
316 2588 465 2686 quidem
487 2592 636 2679 metuit,
657 2614 705 2661 ne
727 2604 763 2661 te
784 2588 943 2660 crudelia
963 2587 1095 2659 laedant

207 2720 384 2808 Vulnera,
406 2724 509 2821 queis
529 2723 615 2794 olim
637 2723 805 2795 laceravit
825 2723 961 2794 viscera
982 2722 1101 2819 gentis

208 2852 314 2925 Unde
332 2880 447 2952 genus
467 2854 567 2928 ducit
588 2855 748 2954 populus
770 2854 838 2926 tibi
862 2868 969 2925 natus
989 2850 1179 2925 amando:

207 2986 385 3059 Classicus
403 2985 489 3094 e'mse
496 2987 646 3086 tam‘ep,
654 2987 797 3083 ‘calamo‘
772 3008 955 3104 „quoque
972 2987 1166 3076 Classicus,
1178 2990 1296 3064 urbis

206 3121 351 3217 Reginae
374 3108 505 3192 Genio
506 3114 734 3242 unpulsus
706 3068 949 3192 stdnlttere
972 3119 1095 3191 Gallos

205 3249 371 3322 Debuit
362 3254 546 3351 mprimis,
543 3245 625 3343 ’πῃ
635 3223 782 3332 {lideririi
804 3266 912 3350 gente
933 3250 1100 3339 subacta,

206 3384 312 3456 Ultus
333 3409 419 3457 avos
441 3359 579 3506 posssilt
584 3364 684 3478 uocis
670 3376 856 3490 ipmsare
873 3383 1040 3484 superbae

207 3515 481 3635 Opprobrium,
505 3531 543 3591 et
565 3488 678 3616 gladii
694 3491 815 3590 latalia
836 3516 1002 3616 pondera
1021 3518 1163 3605 victis;⁴

205 3652 254 3719 Ut
272 3649 445 3720 nullum
435 3675 475 3720 m
495 3650 600 3721 terris
618 3656 741 3722 Romu
761 3652 895 3722 servire
920 3648 1085 3748 puderet.

203 3789 280 3855 Nec
300 3808 367 3856 vos
389 3785 582 3882 poeniteat,
606 3783 715 3872 Galli,
737 3772 963 3883 indignantia
982 3784 1043 3855 tali

205 3916 307 3988 Colla
327 3915 469 3989 dedisse
488 3918 601 4016 jugo;
619 3942 704 3990 nam
727 3933 864 4007 terras,
887 3941 1035 4016 aequora
1056 3920 1183 4016 ponti,

202 4053 323 4147 Atque
345 4050 465 4148 ipsum
486 4051 553 4148 qui
574 4063 706 4122 cuneta
726 4075 793 4122 suo
814 4051 907 4148 regit
926 4048 1057 4122 ordine
1079 4049 1229 4140 solem,⁵

202 4181 267 4253 Ille
290 4180 359 4253 sibi
377 4183 613 4281 omnipotens
633 4181 795 4255 domitor
816 4205 944 4280 parare
967 4180 1095 4280 coegit.

205 4316 241 4385 Si
258 4339 322 4387 sua
348 4314 445 4387 dona
467 4314 535 4386 tibi
557 4316 741 4414 placeant,
764 4330 854 4387 tunc
873 4316 996 4386 omnia
1018 4317 1136 4386 Caesar

201 4450 306 4539 Acta,
328 4449 495 4548 nihilque
520 4448 590 4524 sibi
610 4449 757 4527 tandem
776 4447 961 4550 reputabit
982 4445 1205 4548 agendum‘
