2640 5280
126 404 1201 433 WWWWW

309 557 536 667 ORDO
578 559 673 665 ET
715 556 1009 667 SUMMA

92 766 95 797 ²
142 760 319 868 Quattuor
337 759 608 854 volantium,
634 759 776 876 quibus
800 775 961 838 consuit
984 786 1085 836 noea
1114 758 1200 838 lraec

257 911 396 975 notua
422 892 465 972 C.
493 894 529 972 J.
557 894 725 973 Caesaris
746 921 911 1003 operum
933 889 1067 970 editu.

389 1061 944 1103 ,ψ-

143 1193 226 1319 Vos.
240 1254 268 1318 1.
288 1254 337 1323 De
355 1255 444 1323 Bello
464 1254 586 1321 Gallico
605 1254 917 1325 commentariorum
933 1252 1008 1317 libri
1025 1275 1102 1333 vrrs,
1121 1274 1198 1317 cum

142 1360 228 1441 uotis,
241 1383 358 1449 mappa
372 1362 489 1423 veteris
510 1359 622 1429 Gallio
639 1359 868 1453 geographica,
879 1375 912 1429 et
930 1357 1049 1429 tabulis
1065 1380 1129 1427 sere
1140 1380 1198 1421 cae·

142 1464 207 1530 latis.

235 1571 323 1635 Huic
340 1570 425 1637 libro
443 1570 664 1659 pmliximus:

175 1692 207 1756 ι’
229 1693 410 1781 Epistulam
426 1693 699 1782 nuncupatoriam
715 1690 757 1755 ad
774 1690 977 1755 ludovicum
991 1691 1118 1772 xvlll,
1134 1691 1199 1755 ltu·
1272 1714 1277 1727 ·

132 1799 177 1878 jus
192 1801 393 1864 collectionis
413 1801 520 1869 latinu
538 1799 805 1889 augustissimum
821 1814 1009 1886 patronum.

170 1902 207 1968 2⁰
229 1906 458 1971 Praefationcm
478 1906 519 1970 ad
538 1904 705 1970 emditum
721 1906 886 1969 lectorem.

169 2009 207 2075 3⁰
230 2012 431 2077 BolliGallioi
443 2014 554 2094 fastos,
570 2013 639 2076 sive
654 2013 769 2076 seriem
785 2034 895 2075 rerum
909 2027 943 2074 ct
956 2027 1142 2099 temporum
1157 2007 1198 2072 ad

122 2118 150 2180 l.
168 2119 302 2182 Caesaris
321 2119 572 2182 commentarios
588 2117 630 2181 dc
648 2117 736 2180 Bello
751 2116 874 2181 Gallico
889 2116 1125 2205 pertinentium
1140 2134 1199 2202 per

121 2225 274 2289 mutulos
290 2223 460 2313 digestam.

235 2365 285 2429 Ad
304 2366 424 2430 calcem
443 2366 634 2446 rejecimus:

171 2485 208 2553 1⁰
231 2489 312 2553 'l'res
323 2488 365 2552 de
379 2489 563 2581 Agendico,
579 2487 621 2552 de
631 2488 746 2570 Gallia,
759 2487 801 2554 de
816 2488 930 2563 Gallis,
945 2486 1196 2555 dissertationes.

168 2591 209 2658 2⁰
233 2595 393 2659 Omnium
410 2597 556 2662 virorum
574 2595 749 2659 illustrium
766 2594 907 2659 indicem
921 2617 1065 2683 quorum
1080 2593 1114 2656 in
1131 2594 1198 2685 pri·

121 2725 180 2766 mo
198 2702 264 2765 hoc
281 2703 449 2766 volumine
467 2703 590 2767 mentio
610 2704 692 2771 facta
710 2718 770 2766 est.

169 2805 211 2870 3⁰
233 2808 435 2901 Compendia
452 2809 637 2899 scripturae,
653 2832 726 2897 quae
747 2809 863 2900 saepius
882 2824 1081 2889 occurrunt,
1099 2831 1199 2897 expo·

121 2915 203 2995 sita,
223 2930 294 2977 tum
313 2914 353 2978 ad
376 2914 473 2996 hujus
494 2915 660 2991 Auctoris,
680 2931 752 2978 tum
769 2913 809 2977 ad
825 2914 963 2979 aliorum
982 2914 1039 3003 qui
1057 2937 1198 3000 sequen·

123 3037 201 3101 tur,
220 3020 480 3086 illustrationem.

170 3150 243 3215 Vol.
264 3152 306 3215 ll.
329 3153 380 3215 De
397 3154 484 3217 Bello
504 3143 617 3229 Civili,
637 3153 710 3218 libri
726 3176 765 3215 ιιι
784 3176 791 3216 :
812 3152 853 3216 de
873 3154 962 3217 Bello
982 3151 1199 3217 Alexandrino

128 3255 209 3318 liber
227 3280 259 3338 ις
280 3258 358 3322 item
382 3257 423 3321 de
445 3259 532 3323 Bello
554 3260 704 3322 Africano
726 3277 758 3322 et
781 3259 972 3347 Hispanico,
994 3282 1070 3322 curn
1095 3256 1200 3336 notis,

130 3384 243 3449 mappa
260 3362 421 3452 Hispaniae
437 3363 570 3439 veteris,
587 3381 620 3427 et
637 3365 754 3428 tabulis
772 3388 834 3429 aere
853 3365 984 3446 caelatis,
1002 3381 1163 3450 utsupra.

239 3477 395 3542 Praeterea
415 3501 423 3541 :

174 3587 210 3654 1⁰
234 3592 368 3674 Omnia,
387 3616 460 3680 quae
475 3609 672 3682 supersunt,
691 3594 823 3657 Coesaris
840 3595 1030 3682 fragmenta.

172 3695 211 3759 2⁰
244 3700 417 3788 Catalogus
442 3699 596 3765 Virorum
622 3700 797 3764 illustrium
829 3723 972 3787 quorum
1000 3698 1199 3763 mentionem

129 3806 309 3871 continebit
325 3807 388 3871 hoc
404 3806 586 3873 secundum
602 3809 768 3872 volumen.

168 3937 242 4000 Vol.
268 3938 327 4001 111.
360 3937 394 4002 1⁰
422 3939 552 4028 Effigies
576 3940 613 4004 C.
644 3940 718 4002 Julii
742 3941 891 4019 Caesaris,
922 3939 1081 4002 cbasalte
1107 3938 1198 4026 nigro

127 4065 284 4133 expressa.
