2648 4830
127 421 175 492 26
265 426 302 493 C.
331 426 475 494 JULll
503 425 738 495 CAESARIS
765 424 1042 495 COMMENT.

124 578 166 622 ne
187 555 256 648 ejus
275 556 436 677 supplicio
449 559 605 628 Divitiaci
620 559 767 627 animum
786 557 986 644 offenderet,
1000 546 1180 625 verebatur.

123 663 240 755 Itaque
260 666 452 759 priusquam
474 665 651 759 quidquam
673 679 861 753 conaretur,
871 664 1074 734 Divitiacum
1088 660 1131 731 ad
1149 682 1179 729 se

124 791 236 838 vocari
230 770 360 862 jubet;
376 785 426 860 et,
438 771 634 902 quotidianis
650 771 884 867 interpretibus
905 770 1040 840 remotis
1048 766 1177 864 ,perG

125 873 293 949 Valerium
316 864 517 947 Procillum⁵
520 880 727 997 ,principem
748 876 863 948 Galliae
880 877 1078 972 provinciae,
1093 872 1177 943 fami·

124 978 237 1050 liarem
249 1008 363 1071 suum,
376 988 429 1054 cui
444 1008 607 1054 summam
624 987 772 1054 omniurn
787 1008 898 1052 rerum
913 981 1013 1052 fidem
1028 978 1179 1065 habebat,

123 1111 200 1156 eum
222 1115 262 1158 oo
285 1090 500 1222 colloquitur:
518 1090 613 1160 simul
636 1090 907 1178 commonefacit,
922 1115 995 1183 quae
1017 1090 1092 1183 ipso
1109 1108 1180 1181 pre

124 1208 215 1263 sente
243 1198 277 1264 in
305 1184 474 1267 concilio⁶
495 1196 667 1268 Gallorum
688 1197 730 1266 de
757 1198 964 1290 Dumnorige
991 1194 1058 1264 siut
1082 1190 1181 1279 dicta,

123 1313 157 1368 et
174 1302 318 1372 ostendit
333 1303 357 1391 ⁷,
373 1330 445 1398 quae
468 1306 643 1400 separatim
661 1305 798 1398 quisque
819 1303 860 1371 de
880 1327 920 1371 eo
942 1300 1031 1398 apud
1047 1322 1082 1369 se
1099 1296 1182 1368 dixe

124 1421 166 1474 nt
188 1413 297 1502 :petit
325 1424 423 1505 atque
444 1411 615 1499 hortatur,
632 1425 671 1479 ut
696 1412 765 1479 sine
790 1409 860 1503 ejus
881 1407 1067 1477 offensione
1088 1405 1184 1474 animi

123 1511 175 1580 vel
197 1516 267 1608 ipse
288 1516 329 1584 de
350 1540 407 1605 eo,
419 1540 518 1586 causa
539 1519 690 1612 cognita,
704 1529 844 1603 statuat,
859 1511 912 1583 vel
935 1514 1105 1583 civitatem
1126 1524 1185 1582 sta·

123 1633 215 1689 tuere
232 1622 356 1714 jubeat.
1224 1638 1227 1643 “

175 1730 251 1795 ΧΧ.
275 1731 459 1800 Divitiacus
482 1729 592 1799 multis
614 1753 691 1799 cum
713 1726 855 1797 lacrimis
874 1726 897 1815 ¹,
912 1728 1078 1796 Caesarem
1100 1748 1188 1795 com·

123 1833 238 1926 plexus
263 1835 437 1906 obsecrare
468 1839 591 1932 coepit,
617 1866 634 1900 «
661 1861 703 1903 ne
729 1834 807 1929 quid
834 1836 966 1929 gravius
993 1833 1027 1901 in
1054 1828 1190 1901 fratrem

122 1954 302 2010 statueret:
323 1944 406 2011 scire
429 1942 538 2012 seille
562 1967 632 2011 esse
650 1963 752 2027 vera3
780 1964 841 2009 nee
867 1957 1067 2035 quemquam
1088 1960 1132 2007 ex
1153 1962 1192 2007 eo

124 2043 216 2162 plus,
234 2071 333 2140 quam
362 2071 419 2136 se,
440 2048 563 2117 doloris
593 2070 735 2143 capere,
756 2060 932 2142 propterea
956 2043 1067 2139 quod,
1087 2064 1191 2139 quum

123 2153 192 2243 ipse
215 2156 320 2247 gratia
344 2153 523 2248 plurimum
544 2154 632 2223 domi
652 2168 750 2248 atque
770 2156 804 2222 in
826 2150 949 2246 reliqua
968 2149 1097 2240 Gallia,
1111 2146 1191 2220 ille'

123 2258 296 2326 minimum
321 2276 458 2355 propter
480 2260 733 2330 adolescentiam
764 2274 899 2355 posset,
923 2280 983 2353 per
1009 2280 1044 2327 se
1070 2256 1192 2327 crevis-

123 2349 220 2431 set³z
240 2366 358 2459 quihus
386 2367 504 2462 opibus
531 2392 570 2436 ac
591 2353 727 2437 nervis⁴
744 2390 812 2434 non
835 2364 941 2434 solum
970 2363 1013 2432 ud
1040 2364 1192 2432 minuen-

123 2468 200 2538 dam
227 2473 391 2566 gratiam,
420 2473 477 2543 sed
507 2496 591 2567 pene
620 2472 662 2542 ad
693 2474 870 2569 perniciem
901 2488 994 2540 suam
1020 2484 1191 2540 uteretur:

123 2600 193 2645 sese
212 2591 322 2647 tamen
340 2595 373 2649 et
395 2604 507 2649 amore
521 2577 667 2650 fraterno
685 2595 719 2649 et
735 2580 973 2649 existimatione
991 2575 1083 2672 vulgi
1101 2600 1191 2646 com·

123 2687 258 2752 moveri.
282 2687 384 2775 Quod
415 2689 440 2756 si
468 2687 547 2783 quid
577 2691 606 2756 ei
634 2713 653 2756 a
684 2689 815 2757 Caesare
844 2687 981 2781 gravius
999 2681 1192 2769 accidisset,

165 2885 190 2937 5.
203 2885 327 2937 Valerutm
338 2887 562 2940 Pmctllum.Varie
571 2887 635 2957 legi·
680 2885 747 2939 cod.
759 2904 865 2957 quoque
873 2895 964 2936 noster
979 2883 1069 2952 5764,
1084 2884 1191 2936 multu.

124 2976 168 3015 tur
178 2965 334 3028 Tmucillum,
346 2968 388 3019 vel
399 2968 552 3019 Traucillum.
564 2967 637 3020 Grae·
722 2986 747 3018 u.
764 2967 817 3018 ltte.
830 2964 890 3018 Scil.
909 2963 1066 3016 Dumnorix.

124 3060 169 3094 cus
186 3044 296 3115 interpr.
315 3047 472 3116 Προσυιίλλον.
488 3047 635 3098 —Prinet'·
721 3047 747 3099 3.
768 3046 819 3097 Per
838 3065 864 3096 se
878 3047 994 3095 crevisset.
1020 3043 1091 3096 Male
1115 3061 1190 3114 grae.

120 3142 183 3192 pem.
195 3124 286 3175 Unum
299 3144 315 3175 e
326 3125 497 3195 primoribus.
680 3125 808 3196 interpres
821 3120 856 3176 ‹lt'
868 3125 954 3176 ίαυτοῦ
968 3127 1007 3174 νῦν
1024 3122 1135 3193 μεγάλην
1151 3118 1193 3175 ‹lti-

165 3205 191 3253 6.
215 3200 331 3256 Concilio.
343 3202 408 3257 vid.
419 3222 490 3276 supr.
502 3223 525 3257 c.
539 3207 633 3258 1648.
679 3225 750 3276 ναμιν
773 3206 890 3260 κέκτηται
907 3202 963 3254 :ita
982 3213 1012 3254 ut
1030 3201 1192 3274 intelligutur

166 3299 191 3350 7.
214 3283 253 3333 Et
269 3283 379 3336 ostendit.
399 3282 528 3336 Nonnulli
546 3282 636 3337 delent
679 3284 870 3353 Dumnorigem
877 3299 925 3353 per
934 3302 961 3334 ee
971 3282 1058 3354 ipsum
1065 3282 1192 3346 crevisse,

125 3361 233 3413 ostendit.
245 3362 370 3415 Restituit
380 3363 513 3429 Davisius,
524 3383 555 3417 ex
564 3362 636 3417 codi-
679 3363 755 3436 quod
770 3362 863 3416 falsum
876 3373 923 3414 est.
939 3361 1086 3414 Divitiacus
1100 3374 1193 3415 contra

124 3440 213 3503 cibus,
226 3453 255 3492 ut
267 3442 302 3494 sit
314 3461 404 3496 seusus
416 3441 636 3514 apertiorscaesar
680 3444 730 3496 ait:
740 3444 848 3496 fratrem
855 3460 946 3509 suum,
956 3460 1039 3514 quum
1050 3440 1192 3495 minimum

124 3519 284 3573 Divitiacum
299 3525 489 3590 commonefacit,
505 3522 533 3575 id
545 3537 596 3589 est,
608 3524 635 3575 in
680 3535 779 3595 posset,
790 3535 900 3594 propter
924 3521 1194 3594 adolescentiam‚pet

123 3600 278 3654 memoriam
290 3603 420 3655 Divitiaco
432 3616 537 3656 revocat
547 3603 636 3656 auditu
680 3624 717 3664 se,
734 3603 789 3655 scil.
803 3620 851 3674 per
864 3603 951 3675 ipsum
963 3601 1141 3668 Divitiacum,
1149 3600 1191 3654 vel

125 3680 174 3750 ipsi
189 3679 216 3731 in
231 3682 359 3748 concilio,
374 3695 400 3734 et
412 3685 516 3734 ostendit
531 3703 588 3749 res,
605 3696 635 3735 ut
679 3702 727 3754 per
742 3682 869 3735 Divitiaci
882 3701 945 3754 opes
956 3694 981 3734 et
993 3681 1192 3745 auctoritatem,

126 3773 200 3812 antea
213 3778 268 3812 non
280 3761 329 3831 ipsi
344 3762 468 3832 cognitas.
680 3762 798 3814 crevisse.

165 3840 229 3892 Cur.
245 3841 632 3912 XX.1.ll1ultt'scttmlucrytm's.
721 3850 746 3905 4.
768 3841 861 3894 Netvt's.
884 3841 1013 3905 Viribus3
1037 3839 1192 3912 metaphora

125 3923 155 3971 ln
167 3919 225 3972 rod.
236 3921 323 3991 primo
330 3920 565 3973 Leidensimultum.
574 3922 634 3973 Non
678 3921 760 3992 petita
769 3922 801 3972 ab
812 3922 988 3973 animantibus
998 3938 1113 3991 quorum
1123 3919 1193 3972 vires

126 4002 557 4073 male,utap.Virg.l.111,AEn.v.
568 4002 633 4065 348.
680 4002 706 4052 in
721 4001 808 4054 nervis
825 4001 978 4054 consistunt.
994 3998 1068 4052 Pedo
1081 3998 1192 4053 Albino-

128 4096 154 4140 llt
165 4098 264 4143 multum
273 4098 384 4159 lacrymat
396 4098 467 4145 verba
477 4099 537 4145 inter
546 4099 636 4160 singula
680 4099 777 4147 VWB>
789 4080 861 4152 Eleg-
873 4099 900 4148 ¹2
912 4101 938 4134 V·
954 4080 990 4144 4³
1002 4097 1009 4131 ἶ

188 4167 269 4213 fundit.
681 4169 730 4215 Nec
742 4182 883 4230 quemquem
891 4181 975 4214 nervos
984 4165 1119 4214 extimuisse
1130 4180 1192 4214 tuos.
