2640 5280
208 845 232 917 6
352 849 391 917 C.
419 848 561 917 JULII
588 848 822 917 CAESARIS
849 845 1125 920 COMMENT.

206 980 301 1065 vitati
322 968 527 1074 persuasit³,
545 994 582 1048 ut
610 979 651 1048 de
678 979 799 1049 finibus
825 970 916 1050 suis⁴
938 1006 1015 1050 cum
1042 981 1199 1049 omnibus
1224 1004 1297 1049 co-

206 1087 269 1180 piis
291 1087 440 1154 exirent:
454 1085 610 1181 perfacile
635 1111 723 1174 esse,
737 1098 840 1181 quum
862 1088 984 1156 virtute
1007 1087 1163 1156 omnibus
1189 1111 1282 1181 prae-

206 1206 349 1280 starent,
362 1194 463 1260 totius
484 1190 600 1261 Galliae
620 1194 759 1288 imperio
781 1194 889 1288 potiri.
914 1191 955 1261 Id
982 1193 1048 1262 hoc
1078 1191 1207 1262 facilius
1227 1193 1278 1262 eis

204 1300 385 1391 persuasit,
398 1297 488 1392 quod
507 1298 653 1392 undique
666 1297 730 1368 loci
744 1314 862 1368 natura
880 1296 1023 1367 Helvetii
1039 1301 1272 1369 continentur:

204 1428 274 1471 una
295 1428 336 1471 ex
363 1419 457 1499 parte
479 1404 615 1472 flumine
639 1405 775 1493 Rheno,
790 1405 947 1474 latissimo
972 1419 1070 1499 atque
1095 1403 1270 1489 altissimo,

205 1511 262 1602 qui
276 1534 393 1604 agrum
416 1509 604 1579 Helvetium
627 1535 645 1579 a
667 1513 844 1581 Germanis
857 1509 990 1598 dividit;
1004 1510 1107 1580 altera
1120 1535 1162 1579 ex
1179 1525 1271 1605 parte

204 1630 319 1684 monte
339 1619 420 1684 Jura
440 1616 683 1711 altissimo‚qui
711 1632 761 1686 est
787 1619 873 1686 inter
899 1618 1069 1711 Sequanos
1093 1631 1127 1685 et
1153 1614 1270 1684 Helve-

204 1723 291 1809 ti0s3
317 1725 434 1811 tertia,
458 1721 532 1791 lacu
564 1711 762 1792 lemanno⁵
783 1737 817 1791 et
840 1723 984 1817 ‘flumine
1013 1722 1198 1811 Rhodano,
1217 1725 1272 1816 qui

202 1828 413 1897 Provinciam
440 1844 587 1897 nostram
609 1830 651 1897 ab
674 1829 832 1898 Helvetiis
855 1827 981 1897 dividit.
1004 1831 1064 1897 His
1090 1829 1189 1898 rebus
1215 1827 1272 1897 fre·

202 1931 279 2021 bat,
292 1948 330 2001 ut
343 1949 376 2001 et
394 1936 502 2002 minus
518 1934 582 2003 late
600 1951 818 2029 vagarentur,
836 1949 869 2003 et
889 1937 997 2003 minus
1011 1933 1106 2003 facile
1125 1934 1274 2003 finitimis

202 2037 327 2108 bellum
349 2040 471 2108 inferre
493 2055 652 2135 possent:
676 2040 803 2134 quade
832 2064 931 2107 causa
953 2040 1103 2109 homines
1128 2039 1273 2110 bellandi

202 2145 315 2239 cupidi
336 2170 458 2241 magno
472 2145 586 2215 dolore
606 2146 843 2216 afficiebantur.
859 2148 924 2213 Pro
937 2145 1145 2215 multitudine
1160 2160 1272 2214 autem

202 2250 394 2340 hominum,
407 2268 441 2322 et
460 2278 522 2347 pro
540 2252 645 2346 gloria
666 2252 742 2321 belli
760 2266 858 2346 atque
880 2252 1098 2340 fortitudinis,
1112 2267 1272 2347 angustos

203 2382 240 2424 se
256 2357 339 2427 fines
350 2346 364 2385 ⁶
376 2358 499 2427 habere
512 2359 773 2445 arbitrabantur,
788 2360 842 2452 qui
863 2361 896 2425 in
916 2357 1155 2453 longitudinem
1170 2357 1274 2427 millia

201 2487 359 2555 passuum
382 2466 505 2532 CCXL
517 2468 541 2547 ⁷,
555 2467 588 2531 in
611 2463 816 2532 latitudinem
838 2466 999 2534 CLXXX
1020 2464 1187 2559 patebant.

255 2571 316 2637 III.
339 2571 399 2638 His
421 2570 519 2638 rebus
541 2570 691 2658 adducti,
704 2573 945 2639 etauctoritate
967 2572 1172 2664 Orgetorigis
1196 2594 1270 2665 per·

201 2677 301 2760 moti,
319 2677 582 2763 constituerunt,
602 2701 663 2763 ea,
683 2702 756 2770 quar
784 2677 826 2746 ad
858 2676 1134 2771 proficiscendum
1168 2680 1271 2771 perti·

201 2795 319 2849 nerent
333 2782 355 2869 ¹,
375 2805 569 2876 comparare
589 2809 599 2871 ;
622 2783 848 2875 jumentorum
883 2798 917 2850 et
950 2784 1147 2851 carrorum’
1169 2808 1270 2878 quarn

241 2989 269 3041 3.
281 2988 383 3042 Civitati
386 2995 512 3060 persuasit.
523 2990 623 3044 Civitas
630 2991 674 3044 hic
681 2992 714 3044 si·
757 2990 907 3063 guntfim's‚
927 3004 958 3044 ut
977 3011 1052 3063 supr.
1064 3011 1086 3046 c.
1105 3011 1130 3056 r,
1147 2997 1203 3059 tris,
1219 3012 1272 3065 pro

199 3067 307 3139 gnificat
318 3069 400 3122 totius
411 3071 527 3141 regionis
540 3071 652 3135 incolas,
666 3072 711 3141 qui
758 3085 811 3123 nur.
825 3073 868 3124 {te
884 3072 912 3125 in
928 3073 1061 3125 Caesarum
1075 3072 1192 3126 nummis
1205 3074 1272 3126 scri-

199 3146 294 3200 eodem
307 3150 476 3220 magistratu,
488 3149 635 3222 iisdemque
647 3152 712 3222 legi·
755 3152 847 3204 bitur:
861 3169 896 3204 os
910 3168 979 3204 crare
990 3170 1127 3205 servares.
1140 3150 1196 3205 vid.
1211 3172 1272 3224 quo

198 3228 248 3280 hue
259 3240 385 3295 utuntur,
396 3242 423 3282 et
437 3242 511 3296 sunt,
522 3243 553 3283 ut
563 3231 600 3283 ait
611 3232 667 3285 Cic.
678 3230 712 3283 de
755 3231 906 3284 notavimus
918 3232 987 3285 infra
1000 3251 1022 3284 c.
1036 3232 1089 3296 VI,
1100 3244 1156 3284 not.
1171 3235 1198 3284 6.

197 3326 292 3360 somno
302 3308 372 3381 Scip.
382 3310 462 3363 c.111.
477 3311 712 3383 contumacesque
797 3329 823 3380 7.
840 3311 929 3363 Miltia.
940 3351 963 3364 ..
980 3310 1103 3380 patebant.
1125 3310 1269 3378 Cluverio,

197 3387 316 3440 hominum
319 3391 376 3457 jure
383 3390 633 3443 societidneoaensu
640 3388 711 3461 apud
756 3390 846 3442 Germ.
863 3392 924 3443 Ant.
939 3389 1184 3455 lib.11,a‚nimius
1197 3391 1272 3445 vide·

197 3466 328 3519 Caesarem
338 3480 459 3521 nostrum
470 3469 525 3521 fere
533 3470 711 3540 semperacci·
756 3481 800 3521 tur
814 3482 925 3541 uterque
938 3488 1072 3525 numerus.
1085 3469 1269 3525 Helvetiorum

196 3546 271 3614 pitur
283 3548 510 3619 voxCivitas‚quo
522 3548 593 3619 apud
607 3562 711 3601 nostros
756 3549 856 3602 civitati
875 3549 942 3602 fines
959 3552 1072 3620 assignat
1093 3567 1147 3618 170
1163 3549 1192 3601 in
1208 3552 1269 3605 lon·

197 3627 222 3673 la
244 3630 305 3691 αἰεί,
322 3627 364 3681 vel
381 3629 470 3698 potius
489 3629 566 3679 l'e'tat.
586 3628 712 3681 Civitates
755 3627 955 3698 gitudinem‚et
976 3630 1014 3681 80
1036 3629 1063 3680 in
1082 3626 1269 3697 latitudinem,

196 3704 290 3756 Galliae
310 3704 468 3759 dividtmtur
489 3708 517 3758 in
536 3726 631 3778 pagos,
649 3709 711 3779 pegi
754 3710 852 3779 reJ'ecto
872 3708 1045 3761 centenario:
1064 3707 1127 3759 huic
1148 3707 1268 3781 adstipu-

195 3785 333 3837 continent
348 3785 455 3858 oppida.
753 3786 823 3840 latur
839 3785 921 3839 Hadr.
933 3787 1070 3851 Valesius,
1087 3786 1183 3840 notitia
1197 3790 1267 3843 Geli.

237 3871 263 3927 4.
282 3865 317 3917 Ut
336 3865 365 3916 de
379 3865 471 3935 finibus
485 3870 594 3918 suu...
609 3871 708 3920 exriear.
753 3868 841 3938 pagio.
861 3867 926 3930 243.
944 3866 1079 3936 Interpres
1097 3886 1197 3937 graecus
1208 3871 1266 3923 vul·

195 3942 274 3995 Fines
285 3943 357 4015 apud
368 3945 496 3998 Cursarem
510 3965 560 4017 pro
568 3947 623 4017 ipsa
631 3959 709 4012 terra,
752 3965 841 4016 garem
866 3959 952 3999 tamen
972 3946 1114 3999 lectionem
1138 3947 1266 4018 seqnitur,

193 4022 253 4092 ipso
267 4042 350 4094 regno
364 4025 549 4095 accipiuntur:
567 4025 708 4096 aliquando
752 4026 882 4080 milliariis
896 4027 924 4077 in
941 4024 1024 4078 stedia
1039 4027 1181 4079 conversis.
1197 4028 1266 4081 vul-

193 4121 244 4172 pro
265 4103 377 4157 subditis
392 4105 435 4157 vel
459 4104 588 4176 adjunctis
607 4106 707 4159 civitati
752 4118 836 4176 garam
853 4103 972 4158 defendit
984 4105 1116 4171 Hausius,
1130 4104 1222 4160 diceus
1237 4109 1265 4160 in

194 4177 245 4243 (les
267 4184 350 4235 cliente
369 4196 395 4234 et
415 4185 448 4236 les
468 4184 598 4250 naneae).
620 4185 706 4257 Hujus
749 4187 782 4238 iis
797 4186 949 4256 regionibus
963 4186 1136 4257 tuncmagnis
1150 4186 1266 4240 circrdti·

193 4265 268 4317 verbi
281 4264 337 4316 vim
351 4275 377 4315 et
389 4265 541 4317 varietatem
552 4265 634 4317 multa
644 4267 705 4319 satis
749 4267 798 4317 bus
812 4263 846 4319 ed
859 4264 1020 4337 superandos
1031 4278 1133 4318 montes
1145 4277 1171 4317 et
1180 4266 1265 4319 vitan·

194 4358 221 4396 et
231 4345 303 4397 varia
313 4343 496 4397 demonstrant
509 4346 635 4416 exempla.
748 4344 797 4398 dos
809 4345 880 4398 lacus
892 4364 958 4416 opus
972 4346 1058 4399 fuisse.
1075 4345 1238 4399 Cernimus.

235 4427 261 4478 5.
269 4426 398 4476 baram.
408 4424 539 4490 Streh0,l.
547 4433 573 4489 4.
583 4428 703 4496 Διμένναν
788 4425 852 4478 Cn.
861 4426 910 4478 Ill.
924 4444 947 4477 1.
957 4426 1020 4494 Qua·
1028 4424 1187 4496 adproficisc.
1196 4439 1261 4496 pert.

192 4517 270 4557 vocat
282 4503 382 4576 duplici
393 4504 489 4559 littera.
498 4505 606 4559 Greeus
620 4505 703 4558 inter·
747 4502 789 4558 Ad
797 4506 849 4558 iter
858 4503 1008 4557 faciendum
1020 4504 1172 4558 necessaria.

192 4603 254 4656 pres
269 4584 378 4638 Caesaris
394 4584 476 4639 habet
492 4588 606 4657 Διμάνῳ.
619 4585 671 4639 Os.
788 4605 814 4639 a.
825 4584 1079 4650 commanemus,
1091 4596 1262 4651 amoarium,

234 4667 261 4718 6.
273 4664 416 4719 anuum
423 4663 704 4736 fines‚reoentioreale·
746 4665 898 4720 vehinrlum
911 4665 1051 4720 Germanis
1065 4676 1091 4718 et
1102 4664 1185 4718 Gallis
1199 4684 1263 4737 pro·
