2648 4830
134 349 179 398 10
268 330 306 397 C.
335 329 478 396 JULll
512 329 748 397 CAESARIS
782 330 1056 402 COMMENT.

128 484 245 556 agrum
270 463 432 530 Noricum
453 463 669 547 transierant,
689 452 1190 558 Noreiamque⁸oppugnarant,

128 581 278 662 receptos
297 568 340 636 ad
361 593 396 637 se
414 570 520 638 socios
539 569 601 637 sibi
622 568 810 638 adsciscunt
822 569 843 636 ⁹.

180 676 240 743 VI.
257 677 364 743 Erant
373 678 510 744 omnino
523 677 640 744 itinera
655 674 722 744 duo
736 673 758 762 ¹,
772 676 892 769 quibus
908 676 1080 746 itineribus
1095 676 1188 747 domo

127 783 216 849 exire
230 796 386 875 possent:
402 806 507 850 unum
522 806 582 876 per
599 783 785 875 Sequanos,
800 796 976 876 angustum
994 797 1028 851 et
1044 781 1189 871 difficile,

126 890 214 955 inter
227 903 374 956 montem
388 891 502 957 Juram
520 902 554 956 et
570 887 694 956 llumen
713 888 945 975 Rhodanum²,
957 890 1013 955 vix
1024 873 1114 982 qua³
1130 891 1188 959 siu·

127 992 197 1087 guli
211 997 298 1062 curri
311 994 529 1082 ducerentur;
541 1019 638 1063 mons
653 1009 763 1063 autem
776 993 951 1064 altissimus
965 994 1189 1089 impendebat,

127 1114 166 1168 ut
187 1099 283 1168 sacile
304 1102 463 1195 perpauci
488 1101 665 1195 prohibere
691 1115 850 1195 possent:
871 1100 1012 1170 alterum
1033 1125 1094 1196 per
1115 1103 1187 1170 Pro

128 1207 270 1274 vinciam
296 1223 462 1294 nostram,
482 1206 587 1275 multo
605 1205 731 1279 facilius
756 1221 854 1300 atque
875 1206 1076 1301 expeditius,
1094 1232 1188 1303 prop·

126 1326 217 1380 terea
241 1313 331 1405 quod
359 1312 587 1382 Helvetiorum
615 1316 701 1382 inter
725 1314 807 1383 fines
829 1328 863 1382 et
887 1312 1125 1408 Allobrogum,
1139 1315 1190 1407 qui

126 1442 234 1513 nuper
248 1422 357 1513 pacati
372 1435 468 1489 erant
478 1410 502 1508 ⁴,
519 1420 702 1489 Rhodanus
720 1421 810 1506 fluit,
824 1422 915 1514 isque
930 1418 1098 1489 nonnullis
1115 1419 1190 1489 locis
1233 1432 1235 1439 '

166 1603 193 1654 8.
215 1603 338 1657 Neretum.
359 1604 399 1656 Ita
415 1602 519 1657 codices
540 1603 635 1675 optimi
679 1604 813 1656 multoties
834 1614 927 1657 testem
952 1603 1059 1657 invocat
1084 1602 1188 1657 Oberliu

126 1694 153 1734 et
167 1694 263 1735 vetust.
280 1696 306 1735 et
322 1684 432 1755 interpr.
448 1702 523 1755 graec.
538 1685 565 1734 in
582 1702 635 1754 quo
678 1684 707 1735 in
724 1703 770 1736 sua
790 1681 853 1736 edit.
874 1682 1014 1755 Lipsiana,
1027 1684 1090 1736 anni
1107 1684 1190 1748 18053

126 1762 250 1832 Nuptias,
272 1776 299 1815 et
322 1763 508 1833 Peutingerina
534 1764 633 1816 tabula.
679 1763 776 1816 frustra
791 1762 879 1828 idem,
891 1764 1015 1835 inquam,
1026 1783 1059 1816 ex
1074 1763 1189 1816 Christo-

125 1842 195 1893 Male
216 1843 297 1912 igitur
323 1843 468 1896 Glareanus
485 1855 512 1894 et
524 1843 634 1913 vulgatt.
678 1843 765 1915 phoro
780 1843 871 1897 Clusio
890 1844 918 1897 in
934 1843 1068 1896 Probabil.
1082 1843 1190 1907 criticis,

125 1919 186 1972 edd.
207 1923 329 1974 rl'oricam.
347 1925 386 1974 lta
410 1923 545 1974 Cellarius.
560 1920 636 1972 Idem
680 1942 706 1992 p.
728 1927 813 1976 rii-ao
828 1922 879 1994 legi
893 1923 951 1975 vult
965 1923 1082 1975 hrenum.
1095 1922 1190 1975 Deisto

125 1997 636 2070 duasurbesagnoscitlllorer'asuomine3
681 2000 806 2067 flumine,
823 2004 876 2055 hoc
893 2004 968 2068 loco,
989 2003 1064 2055 nulla
1085 2002 1190 2073 questio

125 2097 206 2130 unam
227 2080 256 2131 in
274 2081 373 2131 Norico
393 2099 472 2149 agro,
484 2081 591 2132 alteram
608 2082 636 2132 in
680 2100 735 2133 esse
756 2094 858 2152 potest,
879 2101 941 2135 curu
964 2083 1015 2135 iter
1038 2081 1192 2135 facientibus

126 2159 226 2212 Carnis.
238 2158 481 2211 Munnerteamdem
490 2179 544 2212 esse
552 2172 635 2231 putat.
680 2161 806 2213 Helvetiis
820 2180 868 2233 per
884 2160 1051 2214 Provinciam
1065 2162 1094 2214 in
1101 2161 1192 2215 Santo-

169 2257 195 2304 9.
207 2239 254 2290 Ad
262 2260 287 2291 se
298 2244 373 2290 socios
385 2239 527 2290 adsciscunt.
539 2238 572 2290 Id
584 2252 636 2303 est,
680 2259 726 2292 nes
738 2242 810 2293 nulla
822 2242 871 2291 vire
880 2243 948 2293 ratio
960 2260 1015 2294 esse
1024 2253 1114 2312 posset
1123 2240 1191 2294 trans

125 2316 223 2369 loedere
235 2337 281 2370 eos
297 2320 347 2370 sibi
360 2319 444 2371 socios
456 2321 579 2389 jungunt.
589 2321 638 2370 Re·
680 2320 818 2385 Rhenum,
834 2334 859 2371 et
873 2340 921 2391 per
936 2323 1068 2372 Rauracos
1079 2338 1190 2392 campos

124 2397 227 2467 cipiunt
238 2418 282 2450 eos
299 2397 333 2450 ad
341 2411 417 2463 se,et
429 2396 537 2468 quidem
553 2399 589 2450 ita
604 2396 636 2450 ad
680 2400 772 2451 Lectio
787 2399 865 2452 codd.
882 2400 964 2470 igitur
976 2398 1106 2453 “manda
1118 2411 1169 2453 est.

123 2495 151 2528 se
161 2477 306 2548 recipiunt,
318 2478 366 2531 sibi
377 2476 538 2542 adsciscunt,
550 2490 581 2530 ut
593 2497 638 2530 eos
722 2479 748 2531 3.
771 2481 822 2530 Ιίἰ
837 2498 892 2550 qrta.
909 2478 1027 2531 Subaudi
1040 2490 1136 2550 parte,
1148 2496 1191 2533 seu

125 2556 237 2608 habeant
251 2558 343 2610 socios.
359 2558 432 2609 Mon.
680 2559 904 2630 regionevulgat.
914 2578 971 2630 quo,
982 2558 1190 2612 subauditum

163 2636 228 2689 Car.
237 2638 286 2690 VI.
308 2657 331 2691 1.
344 2638 427 2690 Erant
441 2641 536 2689 omnino
552 2640 638 2689 itinera
722 2645 748 2703 4.
770 2639 953 2710 Nuperpacati.
965 2637 1026 2690 Scit.
1038 2639 1091 2692 aC.
1100 2640 1192 2711 Pomp·

124 2715 179 2768 duo.
198 2717 365 2771 Rhellicanus
381 2716 516 2770 Helvetim
529 2717 576 2770 bas
591 2736 637 2770 an·
680 2717 748 2771 tinio
764 2719 887 2771 Pretore.
896 2750 936 2761 -
947 2718 1116 2789 Allobroges,
1130 2730 1193 2772 teste

124 2796 220 2865 gustias
235 2817 249 2848 a
264 2798 346 2850 Gallis
358 2810 384 2849 et
396 2818 410 2850 a
422 2798 562 2850 Germanis
573 2799 637 2850 Clu-
681 2798 809 2850 Strabone
817 2837 825 2864 ,
833 2800 850 2850 l.
859 2816 937 2870 rv,p.
952 2798 1005 2851 186
1015 2835 1023 2861 ,
1034 2816 1096 2873 epm
1103 2799 1193 2851 multis

123 2894 162 2925 sas
183 2871 227 2936 (le
241 2898 288 2948 pus
303 2877 332 2927 de
352 2879 377 2927 Ια
399 2874 492 2939 Cluse)
512 2878 637 2947 appellari
681 2878 820 2930 hominum
840 2878 956 2930 millibus
967 2877 995 2929 in
1008 2877 1105 2929 alienas
1114 2890 1193 2932 terras

124 2955 235 3026 scripsit.
253 2956 398 3031 Glareanus
413 2975 490 3020 vero,
502 2956 638 3009 Helvetios
681 2957 816 3027 quondam
838 2956 1017 3029 expeditiones
1041 2974 1192 3028 suscepere3

124 3046 149 3084 et
162 3035 226 3104 ipse,
232 3048 308 3105 negat
320 3054 374 3087 esse
381 3054 411 3087 ea
419 3047 521 3087 tantum
533 3036 636 3101 itinera,
681 3036 753 3089 unde
767 3057 864 3089 nomen
875 3037 937 3108 ipsis
953 3036 1045 3089 datum
1056 3037 1137 3090 fuisse
1151 3048 1193 3110 api

123 3124 149 3162 et
166 3113 261 3166 multos
274 3127 364 3185 patere
377 3117 461 3167 esitus
470 3112 533 3166 dicit
547 3113 637 3167 :unde
680 3130 773 3188 peret:
787 3118 885 3170 Celtica
897 3116 968 3167 enim
984 3116 1076 3187 lingua
1090 3117 1130 3168 att
1142 3118 1192 3189 sig·

123 3194 229 3262 conjicit
245 3194 312 3246 hanc
327 3196 462 3265 regionem
475 3192 567 3247 auditu
579 3207 637 3246 tau·
680 3197 770 3249 nificat
781 3199 853 3256 alius,
866 3207 892 3247 et
902 3196 966 3257 Bro,
980 3213 1026 3248 seu
1034 3196 1191 3265 Brog,tem,

124 3284 179 3323 tum
195 3274 274 3324 luisse
285 3287 374 3325 notam
380 3275 569 3344 Caesari‚quam
581 3274 637 3345 ipse
680 3276 754 3346 quasi
768 3275 919 3328 dicerentur
929 3293 960 3327 ex
974 3275 1027 3333 alio
1037 3275 1098 3328 loco
1109 3289 1194 3329 muns·

123 3369 176 3402 non
190 3351 295 3405 viderit.
306 3354 377 3407 Gon.
680 3355 735 3407 lati.
747 3352 829 3416 (Vid.
848 3355 960 3424 Origines
979 3354 1122 3421 Gaulotus,
1133 3374 1192 3428 pag.

165 3451 189 3481 a.
212 3433 261 3482 Per
279 3434 416 3505 Sequanos,
437 3439 498 3485 inter
512 3434 596 3485 Iuram
613 3447 638 3484 et
685 3437 755 3500 184,
771 3447 876 3486 auctore
895 3436 991 3487 illustri
1010 3435 1068 3486 viro
1084 3436 1194 3488 militari

123 3511 272 3563 Rhadaman.
293 3513 401 3564 Graccus
423 3513 503 3564 hahet
525 3514 576 3566 Καὶ
594 3519 636 3566 τεῦ
679 3515 709 3565 de
721 3516 745 3565 la
761 3516 827 3566 Your
837 3512 1012 3584 d'Auoergne).
1026 3514 1096 3568 Huic
1110 3516 1193 3587 expli·

122 3580 197 3642 bilei
208 3611 298 3643 errore
309 3592 456 3644 manifesto.
465 3593 573 3644 Frustra
583 3594 636 3646 lec·
676 3594 773 3647 cationi
796 3596 927 3646 consentit
944 3595 1094 3647 scholiastes
1112 3597 1193 3648 Juve-

123 3670 221 3721 tionem
243 3674 297 3741 ejus
318 3672 385 3722 tueri
404 3673 514 3724 tentavit
533 3672 636 3725 Samuel
676 3675 742 3726 nalis
762 3672 795 3725 ad
812 3687 859 3726 sat.
874 3692 941 3738 vrri,
958 3694 982 3725 v.
1003 3675 1074 3738 233,
1090 3670 1130 3737 (t.
1149 3676 1192 3739 11,

123 3750 275 3802 l'ranrisrus
293 3752 437 3802 Nathanael
456 3753 560 3816 Morus,
577 3754 635 3823 qui,
676 3772 702 3825 p.
721 3773 775 3823 ²97
788 3753 912 3806 editionis
926 3751 1036 3816 nostrae)
1048 3757 1124 3825 cujus
1136 3754 1193 3806 hec

122 3849 192 3882 anno
209 3832 350 3901 superioris
367 3832 634 3903 saeculiootogesimo,
675 3835 756 3885 verba
772 3847 833 3886 sunt
851 3852 856 3885 :
874 3834 931 3885 Ideo
947 3846 1025 3884 aretem
1041 3835 1102 3885 dicit
1116 3835 1190 3887 Atto·

121 3909 265 3962 editionem
276 3912 305 3963 C.
317 3913 369 3963 Jul.
380 3912 488 3964 Caesaris
504 3932 635 3964 commen·
675 3913 771 3983 bruger,
788 3917 898 3984 quonium
914 3914 1002 3984 brogoe
1020 3912 1091 3967 Galli
1105 3932 1191 3983 agrum

122 3992 266 4058 rariorum,
282 3997 295 4043 a
311 3993 424 4044 Cellario
441 3992 577 4062 aliquoties
592 4012 635 4043 re·
675 3993 824 4056 dicunt,ulla
836 4006 913 4045 autem
923 3993 997 4045 aliud.
1009 3995 1115 4046 Rectius
1123 3995 1192 4045 forte

121 4072 243 4137 petitam,
254 4074 339 4125 emisit
352 4073 378 4125 in
391 4074 489 4134 lucem,
504 4091 636 4143 quemque
678 4073 800 4135 0·Bn'en,
811 4078 835 4125 iu
843 4074 959 4127 Focalor'r
968 4072 1128 4144 Guor'dlteiIge
1138 4072 1190 4128 Sat
