2640 5280
147 791 170 861 8
279 793 487 861 cotom
520 792 754 862 CAESARIS
787 792 1056 861 COMMENT.

144 922 316 993 obtinebat
335 948 374 992 ac
395 924 537 993 maxime
554 922 642 1017 plebi
664 937 819 1018 acceptus
835 937 975 1010 erat,nt
996 921 1086 991 idem

143 1044 254 1118 retur,
272 1030 467 1124 persuadet,
485 1031 580 1123 cique
597 1028 698 1098 liliam
715 1054 808 1098 suam
821 1031 855 1096 in
873 1029 1105 1097 matrimoniun

143 1134 304 1204 Perfacile
327 1136 416 1204 factu
436 1160 507 1205 csse
521 1134 545 1158 ¹⁰
558 1134 620 1204 illis
641 1136 762 1230 probat
780 1149 900 1204 conata
920 1134 1099 1230 perficere,

142 1253 235 1309 terea
256 1242 345 1335 quod
367 1243 436 1336 ipse
458 1266 525 1310 suae
543 1243 682 1311 civitatis
703 1243 878 1335 imperium
891 1241 1105 1310 obtenturus<

142 1369 212 1414 non
234 1371 304 1415 esse
326 1348 481 1436 dubium,
495 1349 574 1441 quin
599 1348 698 1416 totius
720 1346 835 1416 Galliae
861 1346 1039 1442 plurimum
1067 1349 1105 1414 H«

142 1467 301 1544 possent:
316 1479 350 1523 sc
368 1455 434 1523 suis
456 1455 559 1547 copiis
580 1477 705 1547 suoque
726 1453 872 1522 exercitu
893 1452 954 1521 illis
977 1475 1079 1546 regno
1101 1486 1105 1515 t

141 1554 316 1646 liaturum,
329 1559 513 1628 confirmat.
529 1562 601 1627 Hac
614 1560 762 1627 oratione
784 1559 933 1647 adducti,
946 1560 1032 1627 inter
1053 1583 1089 1627 se

141 1677 176 1731 et
189 1663 421 1758 jusjurandum
434 1665 515 1734 dant
523 1663 558 1752 ¹¹,
571 1680 621 1753 et,
635 1689 737 1760 regno
750 1678 929 1760 occupato,
943 1689 1002 1758 per
1015 1679 1083 1732 tres
1095 1689 1105 1757 1

141 1770 284 1839 tissimos
298 1796 337 1840 ac
359 1771 562 1841 firmissimos
577 1769 600 1795 ¹²
614 1770 756 1865 populos
769 1772 868 1840 totius
890 1769 1005 1841 Galliae
1018 1794 1088 1839 sese

140 1897 238 1967 posse
260 1892 402 1971 sperant.

194 1983 253 2050 IV.
280 1985 330 2051 Ea
356 2008 408 2051 res
434 1997 472 2050 ut
492 1998 542 2051 est
566 1981 722 2052 Helvetiis
743 2007 804 2076 per
829 1982 984 2052 indicium
1006 2006 1105 2051 cnunc

140 2087 312 2157 moribus¹
332 2090 399 2158 suis
425 2089 656 2183 Orgetorigem
689 2113 730 2156 ex
757 2087 896 2157 vinculis
927 2112 1061 2157 causam
1095 2115 1105 2158 ι

140 2209 347 2286 coegerunt:
368 2194 561 2262 damnatum
589 2219 721 2289 poenam
749 2197 839 2287 sequi
866 2194 1105 2289 oportebat‚ut

139 2315 343 2369 cremaretur
355 2300 377 2367 ².
406 2301 471 2368 Die
502 2303 680 2369 constituta
707 2323 813 2368 causae
838 2300 1006 2387 dictionis,
1024 2302 1105 2395 Orge

128 2401 183 2475 .ad
200 2404 361 2496 judicium
380 2430 513 2476 omnem
534 2431 627 2474 suam
646 2404 801 2474 familiam
817 2394 840 2493 ³,
854 2406 895 2475 ad
914 2407 1105 2475 hominum]

138 2507 278 2598 decem,
302 2511 446 2604 undique
471 2514 578 2605 coegit
603 2527 636 2581 et
670 2536 784 2580 omnes
812 2511 946 2581 clientes
973 2513 1105 2580 obaeratl

139 2638 215 2682 suos
229 2605 253 2703 Δ,
274 2641 415 2710 quorum
437 2642 594 2711 magnum
616 2643 790 2686 numerum
811 2617 1100 2706 liabebat,eodcm

137 2718 232 2789 duxit
256 2747 263 2788 ε
288 2747 349 2816 per
369 2747 443 2810 eos,
462 2748 505 2790 nc
529 2747 661 2792 causam
690 2724 829 2811 diceret,
849 2749 884 2792 se
907 2725 1029 2818 eripuit
1040 2711 1061 2790 ⁵.
1084 2724 1105 2810 ζ

135 2919 271 2985 obtinere,
281 2920 327 2991 qui
336 2921 405 2973 inter
414 2940 475 2974 suos
485 2923 645 2987 eminet‚re·
687 2922 807 2993 precipit
819 2921 957 2993 Papininn.
973 2922 1020 2975 lib.
1036 2940 1072 2975 11.
1091 2921 1105 2976 d

136 2998 180 3068 gio
199 3000 308 3053 nomine
327 2999 474 3054 destitutus.
491 3002 539 3053 Hic
558 3014 644 3053 tamen
687 3000 743 3054 tod.
753 3014 779 3053 et
794 3003 881 3055 exlrib.
889 3021 996 3055 reorum
1008 3020 1015 3054 τ
1027 3002 1104 3071 Quod

134 3095 212 3132 voces
236 3099 333 3149 regnum
356 3092 381 3131 et
404 3085 551 3151 principatus
577 3100 645 3152 saepe
678 3080 841 3148 defendatur,
857 3083 992 3133 molmula
1002 3081 1101 3153 publica

132 3157 501 3214 confunduntur.-Civitato
515 3180 567 3213 sua.
584 3162 644 3214 Vox
684 3162 790 3232 jubemr,
807 3174 873 3213 neec
882 3162 985 3213 orbiculis
998 3181 1095 3213 minam

134 3256 179 3288 sua
193 3257 208 3290 a
222 3241 319 3292 nostris
335 3241 407 3292 abest
417 3238 496 3292 codd.
730 3261 754 3295 π.
778 3241 814 3293 Ut
838 3246 891 3311 igm'
914 3253 1062 3293 cremaretur.
1091 3241 1105 3294 S

177 3334 218 3370 10.
239 3319 359 3385 Perfacile
368 3321 441 3388 sactu
456 3340 517 3383 erse,
535 3332 578 3372 etc.
594 3322 645 3373 De·
686 3321 757 3374 cium
769 3321 894 3373 usitatum
905 3321 1040 3385 barbaric,
1051 3333 1105 3390 pm

132 3408 261 3450 monstrat
271 3398 323 3452 illis
338 3416 392 3451 esse
407 3398 561 3451 facillimum
575 3418 645 3452 exre·
685 3399 874 3472 perduellionis
887 3419 971 3452 causo.

130 3474 176 3546 qui
190 3476 312 3547 incoepta.
728 3481 753 3532 3.
775 3481 912 3532 Familiam.
934 3479 974 3531 lta
991 3479 1106 3531 Hotman

176 3572 219 3608 11.
237 3557 304 3607 Inter
318 3577 342 3608 se
350 3555 426 3626 fidem
441 3570 466 3608 ct
474 3558 643 3627 jusjurandum
686 3560 785 3611 milium
797 3557 937 3612 describit:
956 3585 967 3605 ι
978 3559 1031 3623 Qui
1044 3559 1105 3611 veli

130 3632 198 3685 dant.
215 3635 353 3706 Eleganter
367 3635 468 3689 dictum
483 3638 541 3688 dare
552 3636 641 3706 fidem,
685 3638 905 3709 sessionibusejus
912 3656 941 3690 ac
947 3638 1051 3690 rusticis
1057 3639 1105 3690 reb

130 3730 180 3781 pro
202 3713 256 3766 fide
284 3716 438 3787 interposita
463 3716 592 3787 polliceri,
616 3731 642 3770 et
684 3718 713 3769 in
731 3718 901 3789 vectigalibus
920 3715 1071 3769 exercendis
1088 3736 1105 3769 o

128 3790 187 3842 dm
197 3795 380 3862 jusJirrandnm,
393 3815 443 3866 pro
458 3814 485 3848 se
493 3798 641 3867 juramento
684 3795 807 3849 dabant.»
828 3792 896 3858 (laes
911 3797 1078 3868 domestiques,
1096 3798 1105 3847 l

128 3872 300 3943 obstringere.
679 3877 764 3947 ploye‘s
775 3876 880 3926 attache's
893 3877 943 3926 tta
959 3872 1074 3938 maison.)

172 3968 215 4003 12.
237 3954 405 4006 Firmr'ssimos.
422 3954 462 4005 Al.
481 3955 637 4020 succinimus,
724 3964 750 4020 4.
774 3955 945 4027 Oboeratosque
961 3975 1023 4006 suos.
1042 3954 1105 4007 ohe

128 4031 294 4100 eglossa.-
309 4034 367 4084 Tm
377 4038 566 4105 petenensem,
583 4035 637 4088 scil.
682 4054 733 4088 aere
755 4034 839 4087 alieno
863 4035 1024 4099 obstrictus,
1039 4047 1066 4086 et
1088 4033 1106 4084 d

126 4108 278 4179 Sequanos,
293 4111 394 4165 AEduos
409 4125 434 4165 et
449 4112 591 4166 Helvetios.
682 4113 714 4166 ad
728 4113 828 4184 aliquid
841 4112 1021 4185 operandum3
1035 4127 1076 4178 et,
1091 4133 1105 4165 n

167 4189 231 4242 Cir.
246 4191 293 4242 lV.
311 4210 335 4244 1.
347 4192 457 4244 Mor-idm
468 4198 524 4245 suo.
541 4191 573 4245 ld
585 4205 636 4259 est,
681 4195 768 4247 Varro
778 4194 796 4245 l.
806 4211 849 4258 vi,
860 4191 894 4246 de
905 4194 994 4264 lingua
1002 4193 1046 4245 lat.
1059 4193 1105 4244 Lib

125 4267 235 4339 legibus.
254 4268 329 4322 Idem
356 4270 426 4342 opud
450 4262 556 4326 caeterds
583 4273 637 4325 sere
680 4293 735 4325 suas
750 4292 832 4345 opem
852 4278 877 4324 in
891 4278 1014 4335 servitute,
1027 4292 1105 4344 prop

125 4363 233 4402 cunctos
252 4350 380 4421 populos,
395 4363 425 4403 ut
437 4352 531 4423 capitis
545 4364 635 4423 postu·
679 4372 750 4424 quam
757 4352 920 4415 debeatjdau
932 4353 987 4404 dum
998 4353 1105 4417 solveret,

123 4426 184 4481 lotis
193 4447 248 4481 non
262 4430 313 4481 nisi
328 4430 355 4482 in
367 4449 470 4484 carcere
485 4452 513 4485 ee
523 4451 636 4503 purgare
678 4445 787 4494 vocatio,
800 4445 825 4485 et
837 4433 868 4483 ab
884 4452 945 4495 oere,
963 4433 1089 4486 ohaemtus.

124 4504 303 4562 licent-Ec
318 4512 435 4572 viriculis,
450 4509 480 4563 id
495 4524 546 4576 est,
559 4512 634 4565 vinc·
721 4512 746 4566 5.
766 4511 798 4565 Se
824 4512 915 4584 erduic.
939 4514 1096 4583 Anonymus

125 4597 184 4641 tum
197 4588 282 4642 iecere
295 4591 376 4644 verbe
390 4603 541 4663 coegerimt.
558 4591 635 4646 Idem
676 4592 830 4667 exscriptor,
838 4592 978 4646 incarcere
987 4604 1105 4646 mortuui
