2640 5280
50 416 580 442 mmmmmfflm
584 421 1116 449 mmmmmb

56 613 349 704 ERUDITO
381 615 651 705 LECTORI
685 617 765 704 ET
797 619 1131 711 BENEVOLO

503 843 540 924 S.
568 845 608 920 P.
638 846 687 922 D.

280 1076 348 1178 Ν.
390 1077 451 1178 Ε.
493 1074 899 1181 LEMAIRE.

395 1327 787 1363 W

63 1487 229 1619 Effusis,
251 1554 290 1601 ut
308 1555 451 1626 parerat
475 1555 508 1603 et
527 1557 689 1627 quantum
710 1541 818 1623 licuit,
839 1542 940 1608 animi
958 1548 1131 1635 gratissimi

63 1652 211 1716 sensibus
230 1674 305 1742 erga
323 1654 485 1741 optimum
507 1654 643 1744 Regem,
658 1655 730 1742 qui,
749 1677 810 1742 pro
828 1677 890 1720 suo
908 1658 942 1720 in
960 1659 1081 1725 litteras
1101 1680 1133 1726 et

61 1758 146 1820 virns
167 1757 327 1822 litteratos
345 1781 468 1840 amore,
484 1758 621 1822 consilio
639 1776 753 1823 nostro
771 1759 934 1850 benignus
952 1765 1072 1847 arrisit3
1085 1783 1133 1848 et,

63 1863 152 1951 quod
172 1881 241 1927 erat
260 1866 292 1928 in
307 1866 390 1928 votis
404 1865 627 1953 potissimum,
641 1888 724 1953 opus
743 1865 832 1929 hand
851 1866 1024 1957 indignum
1043 1894 1138 1959 repu-

63 1971 158 2051 tavit,
179 1969 270 2057 quod
296 1971 546 2035 sacratissimum
572 1971 877 2037 Lnnovrcrtnomen
903 1973 965 2036 sibi
989 1977 1135 2062 praescri·

62 2075 170 2158 beret3
191 2075 254 2139 hoc
267 2099 373 2140 unum
389 2092 570 2164 supererat,
586 2092 623 2139 ut
642 2076 710 2157 hic,
725 2076 766 2140 ad
784 2079 1008 2165 exponendam
1033 2081 1135 2146 totins

62 2181 209 2245 instituti
226 2182 401 2263 rationem,
420 2204 522 2269 panca
538 2182 763 2269 praefaremnr,
783 2182 904 2268 quibus
922 2183 1003 2270 quid
1022 2185 1135 2249 feceri·

63 2310 137 2351 mus
156 2285 306 2367 judicent
324 2288 496 2375 aequiores,
518 2288 576 2374 qui
594 2287 708 2350 melius
735 2287 964 2370 intellexerint,
983 2289 1063 2376 quid
1088 2291 1135 2354 fa·

61 2391 220 2457 ciendum
239 2393 333 2457 nobis
349 2392 544 2473 jamdudum
563 2392 841 2480 proposuerimus.

107 2501 174 2563 Vix
184 2501 219 2562 in
231 2500 398 2587 publicum
413 2501 530 2564 emisso
542 2501 713 2587 scriptores
725 2500 843 2563 latinos
856 2499 974 2563 edendi
985 2490 1136 2586 consilio,

62 2606 162 2669 multi
182 2603 359 2669 doluerunt
378 2627 416 2668 ex
434 2605 544 2668 animo
569 2603 791 2669 conditionem
811 2621 970 2685 nostram,
989 2606 1047 2692 qui
1071 2622 1137 2670 tarn

61 2734 163 2800 grave
182 2711 265 2773 tanti
283 2711 389 2798 operis
407 2734 492 2775 onus
515 2710 693 2798 imparibus
710 2709 857 2773 humeris
875 2711 1137 2799 suscepissemus.

64 2814 129 2878 Sed
144 2831 287 2903 augusto
305 2815 485 2902 patrocinio
498 2815 589 2894 freti,
600 2815 797 2901 collegarum
811 2830 843 2877 et
855 2815 1071 2880 litteratorum
1089 2817 1138 2879 vi-

63 2943 200 3000 rorum,
220 2921 278 3007 qui
305 2943 339 2983 se
364 2921 467 2985 socios
494 2921 580 2984 ultro
603 2899 803 3001 obtulerant,
819 2921 985 3008 promissis
1003 2920 1140 2998 conlisi,

64 3027 248 3097 faventium
271 3043 384 3090 nostro
406 3027 508 3090 labori
526 3027 646 3090 civium
672 3025 789 3089 studiis
807 3025 926 3108 adjuti,
945 3027 1062 3114 opibus
1082 3027 1141 3090 de·

66 3133 171 3219 nique
190 3133 371 3209 sustentati,
386 3156 466 3219 quas
484 3133 569 3220 large
587 3131 696 3195 fundit
713 3155 779 3194 non
797 3133 906 3195 minus
918 3132 1030 3195 litteris
1041 3156 1139 3219 quam

10 3246 12 3285 :
65 3240 180 3327 patriae
192 3261 265 3306 cara
282 3255 316 3301 et
333 3239 510 3303 inserviens
530 3262 645 3302 manns
659 3237 722 3326 (1),
740 3260 799 3301 nos
812 3239 939 3301 sortiter
951 3255 983 3301 et
996 3239 1140 3302 animose

67 3343 109 3407 ad
125 3365 212 3432 opus
226 3343 449 3409 inchoandum
460 3343 668 3407 accinximus.
686 3343 753 3406 Nec
768 3344 885 3407 auxilia
900 3344 1071 3423 cujuslibet
1084 3367 1140 3432 ge-

69 3450 156 3513 neris
168 3449 312 3513 deerant.
325 3450 472 3513 Primum
486 3466 643 3512 nostrates
655 3448 898 3529 advocavimus,
911 3450 1111 3537 quicumque
1123 3472 1140 3512 a

69 3556 183 3643 primis
202 3554 441 3621 renascentium
460 3555 639 3619 litterarum
654 3553 856 3641 temporibus
875 3555 1039 3641 usquead
1058 3556 1142 3618 hanc

70 3679 212 3743 etatem,
233 3662 265 3723 in
285 3677 376 3724 tanta
394 3677 539 3724 veterum
554 3661 759 3749 ingeniorum
777 3659 866 3741 luce,
884 3659 1050 3724 sedetiam
1069 3676 1141 3723 tum

71 3767 168 3832 dubia
188 3784 220 3830 et
244 3766 337 3853 quasi
363 3765 517 3855 maligna,
537 3788 654 3828 novam
680 3765 785 3827 lucem
810 3763 976 3853 diligentia
1001 3782 1033 3828 et
1057 3767 1142 3829 curis

105 4029 116 4093 l
126 4053 137 4086 1
149 4031 160 4095 )
170 4032 190 4085 J
193 4073 199 4086 .
216 4032 370 4097 Lanam,
385 4029 516 4099 banqnler
524 4042 551 4081 et
563 4028 662 4101 de‘pnte
672 4027 705 4080 de
718 4029 799 4081 Paris.

910 4133 957 4208 B,
