<?xml version="1.0" encoding="UTF-8"?>
<!DOCTYPE html PUBLIC "-//W3C//DTD XHTML 1.0 Transitional//EN"
    "http://www.w3.org/TR/xhtml1/DTD/xhtml1-transitional.dtd">
<html xmlns="http://www.w3.org/1999/xhtml" xml:lang="en" lang="en">
 <head>
  <title>
</title>
<meta http-equiv="Content-Type" content="text/html;charset=utf-8" />
  <meta name='ocr-system' content='tesseract 3.04.00' />
  <meta name='ocr-capabilities' content='ocr_page ocr_carea ocr_par ocr_line ocrx_word'/>
</head>
<body>
  <div class='ocr_page' id='page_1' title='image "bibliothecaclas60lemagoog_0050.png"; bbox 0 0 2648 4830; ppageno 0'>
   <div class='ocr_carea' id='block_1_1' title="bbox 129 123 1050 209">
    <p class='ocr_par' dir='ltr' id='par_1_1' title="bbox 129 123 1050 209">
     <span class='ocr_line' id='line_1_1' title="bbox 129 123 1050 209; baseline 0.001 -17"><span class='ocrx_word' id='word_1_1' title='bbox 129 126 175 209; x_wconf 63' lang='grc' dir='ltr'>ιιι</span> <span class='ocrx_word' id='word_1_2' title='bbox 276 123 1050 195; x_wconf 77' lang='lat' dir='ltr'>c.JUL11cAEstnlscon1n1ENT.</span> 
     </span>
    </p>
   </div>
   <div class='ocr_carea' id='block_1_2' title="bbox 123 254 1206 987">
    <p class='ocr_par' dir='ltr' id='par_1_2' title="bbox 123 254 1206 987">
     <span class='ocr_line' id='line_1_2' title="bbox 128 254 1206 375; baseline 0.005 -55"><span class='ocrx_word' id='word_1_3' title='bbox 128 284 146 320; x_wconf 74' lang='grc' dir='ltr'>ιι</span> <span class='ocrx_word' id='word_1_4' title='bbox 159 255 336 351; x_wconf 68' lang='lat' dir='ltr'>exemplo⁷</span> <span class='ocrx_word' id='word_1_5' title='bbox 355 254 469 375; x_wconf 89' lang='lat' dir='ltr'>populi</span> <span class='ocrx_word' id='word_1_6' title='bbox 487 258 615 324; x_wconf 90' lang='lat' dir='ltr'>romani</span> <span class='ocrx_word' id='word_1_7' title='bbox 633 281 730 350; x_wconf 87' lang='lat' dir='ltr'>posse</span> <span class='ocrx_word' id='word_1_8' title='bbox 749 258 812 326; x_wconf 89' lang='lat' dir='ltr'>iter</span> <span class='ocrx_word' id='word_1_9' title='bbox 830 254 889 326; x_wconf 92' lang='lat' dir='ltr'>ulli</span> <span class='ocrx_word' id='word_1_10' title='bbox 906 281 967 352; x_wconf 87' lang='lat' dir='ltr'>per</span> <span class='ocrx_word' id='word_1_11' title='bbox 983 254 1206 326; x_wconf 87' lang='lat' dir='ltr'>Provinciam</span> 
     </span>
     <span class='ocr_line' id='line_1_3' title="bbox 123 348 1203 457; baseline -0.003 -27"><span class='ocrx_word' id='word_1_12' title='bbox 123 362 220 450; x_wconf 81' lang='lat' dir='ltr'>dare3</span> <span class='ocrx_word' id='word_1_13' title='bbox 232 377 283 450; x_wconf 90' lang='lat' dir='ltr'>et,</span> <span class='ocrx_word' id='word_1_14' title='bbox 292 364 318 431; x_wconf 92' lang='lat' dir='ltr'>si</span> <span class='ocrx_word' id='word_1_15' title='bbox 332 365 400 430; x_wconf 84' lang='lat' dir='ltr'>virn</span> <span class='ocrx_word' id='word_1_16' title='bbox 415 362 523 431; x_wconf 84' lang='lat' dir='ltr'>lacere</span> <span class='ocrx_word' id='word_1_17' title='bbox 540 376 720 452; x_wconf 89' lang='lat' dir='ltr'>conentur,</span> <span class='ocrx_word' id='word_1_18' title='bbox 733 363 980 457; x_wconf 89' lang='lat' dir='ltr'>prohibiturum</span> <span class='ocrx_word' id='word_1_19' title='bbox 993 348 1165 432; x_wconf 80' lang='lat' dir='ltr'>ostendit⁸.</span> <span class='ocrx_word' id='word_1_20' title='bbox 1171 386 1203 427; x_wconf 67' lang='lat' dir='ltr'>n</span> 
     </span>
     <span class='ocr_line' id='line_1_4' title="bbox 124 467 1206 563; baseline 0.003 -28"><span class='ocrx_word' id='word_1_21' title='bbox 124 467 285 557; x_wconf 82' lang='lat' dir='ltr'>Helvetii,</span> <span class='ocrx_word' id='word_1_22' title='bbox 301 494 341 537; x_wconf 93' lang='lat' dir='ltr'>ea</span> <span class='ocrx_word' id='word_1_23' title='bbox 363 493 421 563; x_wconf 89' lang='lat' dir='ltr'>spe</span> <span class='ocrx_word' id='word_1_24' title='bbox 443 469 578 561; x_wconf 86' lang='lat' dir='ltr'>dejecti,</span> <span class='ocrx_word' id='word_1_25' title='bbox 592 469 762 537; x_wconf 87' lang='lat' dir='ltr'>navibus</span> <span class='ocrx_word' id='word_1_26' title='bbox 750 471 874 562; x_wconf 69' lang='lat' dir='ltr'>junctis</span> <span class='ocrx_word' id='word_1_27' title='bbox 891 470 1082 563; x_wconf 88' lang='lat' dir='ltr'>ratibusque</span> <span class='ocrx_word' id='word_1_28' title='bbox 1100 494 1206 539; x_wconf 85' lang='lat' dir='ltr'>com·</span> 
     </span>
     <span class='ocr_line' id='line_1_5' title="bbox 123 572 1205 670; baseline 0.002 -29"><span class='ocrx_word' id='word_1_29' title='bbox 123 572 274 668; x_wconf 88' lang='lat' dir='ltr'>pluribus</span> <span class='ocrx_word' id='word_1_30' title='bbox 291 574 385 644; x_wconf 88' lang='lat' dir='ltr'>factis</span> <span class='ocrx_word' id='word_1_31' title='bbox 392 574 417 663; x_wconf 83' lang='lat'>⁹,</span> <span class='ocrx_word' id='word_1_32' title='bbox 432 573 487 643; x_wconf 92' lang='lat' dir='ltr'>alii</span> <span class='ocrx_word' id='word_1_33' title='bbox 499 573 624 643; x_wconf 85' lang='lat' dir='ltr'>vadis¹⁰</span> <span class='ocrx_word' id='word_1_34' title='bbox 640 575 813 662; x_wconf 86' lang='lat' dir='ltr'>Rhodani,</span> <span class='ocrx_word' id='word_1_35' title='bbox 827 600 893 670; x_wconf 89' lang='lat' dir='ltr'>qua</span> <span class='ocrx_word' id='word_1_36' title='bbox 905 577 1041 644; x_wconf 88' lang='lat' dir='ltr'>minima</span> <span class='ocrx_word' id='word_1_37' title='bbox 1053 574 1205 644; x_wconf 83' lang='lat' dir='ltr'><strong>altitudo</strong></span> 
     </span>
     <span class='ocr_line' id='line_1_6' title="bbox 123 676 1202 776; baseline 0.004 -29"><span class='ocrx_word' id='word_1_38' title='bbox 123 679 267 750; x_wconf 83' lang='lat' dir='ltr'>fluminis</span> <span class='ocrx_word' id='word_1_39' title='bbox 289 697 381 769; x_wconf 86' lang='lat' dir='ltr'>erat,</span> <span class='ocrx_word' id='word_1_40' title='bbox 400 705 638 774; x_wconf 84' lang='lat' dir='ltr'>nonnunquam</span> <span class='ocrx_word' id='word_1_41' title='bbox 664 681 824 769; x_wconf 81' lang='lat' dir='ltr'>interdiu,</span> <span class='ocrx_word' id='word_1_42' title='bbox 845 683 962 776; x_wconf 80' lang='lat' dir='ltr'>saepius</span> <span class='ocrx_word' id='word_1_43' title='bbox 987 694 1107 769; x_wconf 90' lang='lat' dir='ltr'>noctu,</span> <span class='ocrx_word' id='word_1_44' title='bbox 1125 676 1202 751; x_wconf 80' lang='lat' dir='ltr'>si¹⁸</span> 
     </span>
     <span class='ocr_line' id='line_1_7' title="bbox 124 785 1202 881; baseline 0.002 -27"><span class='ocrx_word' id='word_1_45' title='bbox 124 811 338 881; x_wconf 84' lang='lat' dir='ltr'>perrumpere</span> <span class='ocrx_word' id='word_1_46' title='bbox 366 802 518 881; x_wconf 89' lang='lat' dir='ltr'>possent,</span> <span class='ocrx_word' id='word_1_47' title='bbox 534 789 661 873; x_wconf 89' lang='lat' dir='ltr'>conati,</span> <span class='ocrx_word' id='word_1_48' title='bbox 679 790 788 881; x_wconf 87' lang='lat' dir='ltr'>operis</span> <span class='ocrx_word' id='word_1_49' title='bbox 810 790 993 857; x_wconf 86' lang='lat' dir='ltr'>munitione</span> <span class='ocrx_word' id='word_1_50' title='bbox 1012 785 1037 811; x_wconf 80' lang='lat'>¹²</span> <span class='ocrx_word' id='word_1_51' title='bbox 1055 802 1090 856; x_wconf 86' lang='lat' dir='ltr'>et</span> <span class='ocrx_word' id='word_1_52' title='bbox 1107 786 1202 856; x_wconf 89' lang='lat' dir='ltr'>mili·</span> 
     </span>
     <span class='ocr_line' id='line_1_8' title="bbox 123 892 1131 987; baseline 0.002 -27"><span class='ocrx_word' id='word_1_53' title='bbox 123 907 195 961; x_wconf 90' lang='lat' dir='ltr'>tum</span> <span class='ocrx_word' id='word_1_54' title='bbox 215 918 379 962; x_wconf 86' lang='lat' dir='ltr'>concursu</span> <span class='ocrx_word' id='word_1_55' title='bbox 398 909 432 961; x_wconf 92' lang='lat' dir='ltr'>et</span> <span class='ocrx_word' id='word_1_56' title='bbox 449 892 521 961; x_wconf 88' lang='lat' dir='ltr'>telis</span> <span class='ocrx_word' id='word_1_57' title='bbox 542 892 681 987; x_wconf 89' lang='lat' dir='ltr'>repulsi,</span> <span class='ocrx_word' id='word_1_58' title='bbox 696 893 761 962; x_wconf 92' lang='lat' dir='ltr'>hoc</span> <span class='ocrx_word' id='word_1_59' title='bbox 780 910 903 963; x_wconf 88' lang='lat' dir='ltr'>conatu</span> <span class='ocrx_word' id='word_1_60' title='bbox 924 894 1131 963; x_wconf 72' lang='lat' dir='ltr'>destiterunt.</span> 
     </span>
    </p>
   </div>
   <div class='ocr_carea' id='block_1_3' title="bbox 175 997 1202 1094">
    <p class='ocr_par' dir='ltr' id='par_1_3' title="bbox 175 997 1202 1094">
     <span class='ocr_line' id='line_1_9' title="bbox 175 997 1202 1094; baseline 0.003 -28"><span class='ocrx_word' id='word_1_61' title='bbox 175 1002 235 1066; x_wconf 89' lang='lat' dir='ltr'>IX.</span> <span class='ocrx_word' id='word_1_62' title='bbox 248 997 508 1093; x_wconf 86' lang='lat' dir='ltr'>Relinquebatur</span> <span class='ocrx_word' id='word_1_63' title='bbox 519 1023 587 1066; x_wconf 90' lang='lat' dir='ltr'>una</span> <span class='ocrx_word' id='word_1_64' title='bbox 603 1024 662 1093; x_wconf 89' lang='lat' dir='ltr'>per</span> <span class='ocrx_word' id='word_1_65' title='bbox 675 1001 845 1093; x_wconf 83' lang='lat' dir='ltr'>Sequanos</span> <span class='ocrx_word' id='word_1_66' title='bbox 858 1003 928 1086; x_wconf 90' lang='lat' dir='ltr'>via,</span> <span class='ocrx_word' id='word_1_67' title='bbox 942 1024 1024 1094; x_wconf 88' lang='lat' dir='ltr'>qua,</span> <span class='ocrx_word' id='word_1_68' title='bbox 1034 1001 1202 1093; x_wconf 76' lang='lat' dir='ltr'>Sequanis</span> 
     </span>
    </p>
   </div>
   <div class='ocr_carea' id='block_1_4' title="bbox 121 1106 1202 2154">
    <p class='ocr_par' dir='ltr' id='par_1_4' title="bbox 121 1106 1202 2154">
     <span class='ocr_line' id='line_1_10' title="bbox 121 1106 1202 1200; baseline 0.005 -28"><span class='ocrx_word' id='word_1_69' title='bbox 121 1106 251 1193; x_wconf 86' lang='lat' dir='ltr'>invitis,</span> <span class='ocrx_word' id='word_1_70' title='bbox 264 1120 402 1200; x_wconf 91' lang='lat' dir='ltr'>propter</span> <span class='ocrx_word' id='word_1_71' title='bbox 419 1107 587 1199; x_wconf 85' lang='lat' dir='ltr'>angustias</span> <span class='ocrx_word' id='word_1_72' title='bbox 605 1106 652 1173; x_wconf 89' lang='lat' dir='ltr'>ire</span> <span class='ocrx_word' id='word_1_73' title='bbox 673 1130 741 1174; x_wconf 93' lang='lat' dir='ltr'>non</span> <span class='ocrx_word' id='word_1_74' title='bbox 761 1120 923 1200; x_wconf 87' lang='lat' dir='ltr'>poterant.</span> <span class='ocrx_word' id='word_1_75' title='bbox 944 1108 1005 1174; x_wconf 88' lang='lat' dir='ltr'>His</span> <span class='ocrx_word' id='word_1_76' title='bbox 1018 1130 1122 1199; x_wconf 90' lang='lat' dir='ltr'>quum</span> <span class='ocrx_word' id='word_1_77' title='bbox 1136 1128 1202 1176; x_wconf 82' lang='lat' dir='ltr'>sua</span> 
     </span>
     <span class='ocr_line' id='line_1_11' title="bbox 122 1209 1201 1307; baseline 0.003 -28"><span class='ocrx_word' id='word_1_78' title='bbox 122 1225 242 1306; x_wconf 79' lang='lat' dir='ltr'>sponte</span> <span class='ocrx_word' id='word_1_79' title='bbox 256 1209 480 1305; x_wconf 82' lang='lat' dir='ltr'>¹persuadere</span> <span class='ocrx_word' id='word_1_80' title='bbox 502 1235 570 1279; x_wconf 93' lang='lat' dir='ltr'>non</span> <span class='ocrx_word' id='word_1_81' title='bbox 588 1226 740 1305; x_wconf 87' lang='lat' dir='ltr'>possent,</span> <span class='ocrx_word' id='word_1_82' title='bbox 753 1209 879 1305; x_wconf 84' lang='lat' dir='ltr'>legatos</span> <span class='ocrx_word' id='word_1_83' title='bbox 895 1212 937 1280; x_wconf 91' lang='lat' dir='ltr'>ad</span> <span class='ocrx_word' id='word_1_84' title='bbox 950 1214 1201 1307; x_wconf 83' lang='lat' dir='ltr'>Dumnorigem</span> 
     </span>
     <span class='ocr_line' id='line_1_12' title="bbox 122 1316 1201 1414; baseline 0.003 -28"><span class='ocrx_word' id='word_1_85' title='bbox 122 1316 267 1386; x_wconf 84' lang='lat' dir='ltr'>AEduum</span> <span class='ocrx_word' id='word_1_86' title='bbox 280 1321 432 1401; x_wconf 90' lang='lat' dir='ltr'>mittunt,</span> <span class='ocrx_word' id='word_1_87' title='bbox 443 1332 496 1404; x_wconf 91' lang='lat' dir='ltr'>ut,</span> <span class='ocrx_word' id='word_1_88' title='bbox 514 1341 554 1386; x_wconf 87' lang='lat' dir='ltr'>eo</span> <span class='ocrx_word' id='word_1_89' title='bbox 571 1317 817 1411; x_wconf 86' lang='lat' dir='ltr'>deprecatore,</span> <span class='ocrx_word' id='word_1_90' title='bbox 832 1319 1046 1412; x_wconf 89' lang='lat' dir='ltr'>aSequanrs</span> <span class='ocrx_word' id='word_1_91' title='bbox 1036 1332 1201 1414; x_wconf 83' lang='lat' dir='ltr'>impetra</span> 
     </span>
     <span class='ocr_line' id='line_1_13' title="bbox 122 1408 1198 1545; baseline 0.005 -55"><span class='ocrx_word' id='word_1_92' title='bbox 122 1408 233 1492; x_wconf 82' lang='lat' dir='ltr'>rent³.</span> <span class='ocrx_word' id='word_1_93' title='bbox 252 1425 442 1493; x_wconf 88' lang='lat' dir='ltr'>Dumnorix</span> <span class='ocrx_word' id='word_1_94' title='bbox 462 1426 568 1519; x_wconf 85' lang='lat' dir='ltr'>gratia</span> <span class='ocrx_word' id='word_1_95' title='bbox 585 1439 618 1492; x_wconf 88' lang='lat' dir='ltr'>et</span> <span class='ocrx_word' id='word_1_96' title='bbox 635 1423 808 1518; x_wconf 81' lang='lat' dir='ltr'>largitione</span> <span class='ocrx_word' id='word_1_97' title='bbox 826 1424 914 1519; x_wconf 90' lang='lat' dir='ltr'>apud</span> <span class='ocrx_word' id='word_1_98' title='bbox 930 1427 1101 1518; x_wconf 82' lang='lat' dir='ltr'>Sequanos</span> <span class='ocrx_word' id='word_1_99' title='bbox 1119 1423 1198 1545; x_wconf 80' lang='lat' dir='ltr'>plu-</span> 
     </span>
     <span class='ocr_line' id='line_1_14' title="bbox 122 1529 1198 1624; baseline 0.004 -27"><span class='ocrx_word' id='word_1_100' title='bbox 122 1532 243 1598; x_wconf 91' lang='lat' dir='ltr'>rimum</span> <span class='ocrx_word' id='word_1_101' title='bbox 265 1545 413 1624; x_wconf 90' lang='lat' dir='ltr'>poterat,</span> <span class='ocrx_word' id='word_1_102' title='bbox 427 1545 461 1599; x_wconf 92' lang='lat' dir='ltr'>et</span> <span class='ocrx_word' id='word_1_103' title='bbox 482 1529 641 1599; x_wconf 87' lang='lat' dir='ltr'>Helvetiis</span> <span class='ocrx_word' id='word_1_104' title='bbox 662 1544 733 1598; x_wconf 87' lang='lat' dir='ltr'>erat</span> <span class='ocrx_word' id='word_1_105' title='bbox 754 1533 897 1618; x_wconf 88' lang='lat' dir='ltr'>arnicus,</span> <span class='ocrx_word' id='word_1_106' title='bbox 913 1530 1003 1624; x_wconf 92' lang='lat' dir='ltr'>quod</span> <span class='ocrx_word' id='word_1_107' title='bbox 1026 1556 1068 1598; x_wconf 81' lang='lat' dir='ltr'>ex</span> <span class='ocrx_word' id='word_1_108' title='bbox 1089 1554 1131 1599; x_wconf 87' lang='lat' dir='ltr'>ea</span> <span class='ocrx_word' id='word_1_109' title='bbox 1148 1534 1198 1601; x_wconf 92' lang='lat' dir='ltr'>ci·</span> 
     </span>
     <span class='ocr_line' id='line_1_15' title="bbox 122 1622 1198 1729; baseline 0.005 -27"><span class='ocrx_word' id='word_1_110' title='bbox 122 1639 223 1704; x_wconf 89' lang='lat' dir='ltr'>vitate</span> <span class='ocrx_word' id='word_1_111' title='bbox 237 1638 443 1729; x_wconf 84' lang='lat' dir='ltr'>Orgetorigis</span> <span class='ocrx_word' id='word_1_112' title='bbox 459 1634 586 1704; x_wconf 82' lang='lat' dir='ltr'>filiam</span> <span class='ocrx_word' id='word_1_113' title='bbox 578 1660 612 1703; x_wconf 93' lang='lat' dir='ltr'>m</span> <span class='ocrx_word' id='word_1_114' title='bbox 630 1638 876 1704; x_wconf 91' lang='lat' dir='ltr'>matrimonium</span> <span class='ocrx_word' id='word_1_115' title='bbox 895 1622 1057 1705; x_wconf 81' lang='lat' dir='ltr'>duxerat⁴</span> <span class='ocrx_word' id='word_1_116' title='bbox 1059 1652 1118 1722; x_wconf 88' lang='lat' dir='ltr'>,et</span> <span class='ocrx_word' id='word_1_117' title='bbox 1136 1662 1198 1707; x_wconf 89' lang='lat' dir='ltr'>cu·</span> 
     </span>
     <span class='ocr_line' id='line_1_16' title="bbox 122 1740 1199 1851; baseline 0.003 -43"><span class='ocrx_word' id='word_1_118' title='bbox 122 1740 259 1834; x_wconf 90' lang='lat' dir='ltr'>piditatc</span> <span class='ocrx_word' id='word_1_119' title='bbox 268 1766 360 1851; x_wconf 83' lang='lat' dir='ltr'>regni</span> <span class='ocrx_word' id='word_1_120' title='bbox 352 1741 531 1809; x_wconf 91' lang='lat' dir='ltr'>adductus</span> <span class='ocrx_word' id='word_1_121' title='bbox 544 1766 639 1809; x_wconf 82' lang='lat' dir='ltr'>novis</span> <span class='ocrx_word' id='word_1_122' title='bbox 647 1742 745 1809; x_wconf 88' lang='lat' dir='ltr'>rebus</span> <span class='ocrx_word' id='word_1_123' title='bbox 759 1742 922 1831; x_wconf 90' lang='lat' dir='ltr'>studebat,</span> <span class='ocrx_word' id='word_1_124' title='bbox 937 1758 971 1812; x_wconf 88' lang='lat' dir='ltr'>ct</span> <span class='ocrx_word' id='word_1_125' title='bbox 984 1767 1084 1836; x_wconf 86' lang='lat' dir='ltr'>quarn</span> <span class='ocrx_word' id='word_1_126' title='bbox 1096 1740 1199 1838; x_wconf 91' lang='lat' dir='ltr'>pluri-</span> 
     </span>
     <span class='ocr_line' id='line_1_17' title="bbox 122 1833 1194 1919; baseline 0.004 -5"><span class='ocrx_word' id='word_1_127' title='bbox 122 1871 194 1916; x_wconf 87' lang='lat' dir='ltr'>mas</span> <span class='ocrx_word' id='word_1_128' title='bbox 208 1835 357 1915; x_wconf 85' lang='lat' dir='ltr'>civitates</span> <span class='ocrx_word' id='word_1_129' title='bbox 373 1871 433 1915; x_wconf 87' lang='lat' dir='ltr'>sno</span> <span class='ocrx_word' id='word_1_130' title='bbox 448 1847 510 1914; x_wconf 88' lang='lat' dir='ltr'>sibi</span> <span class='ocrx_word' id='word_1_131' title='bbox 522 1833 708 1915; x_wconf 84' lang='lat' dir='ltr'>benefici0⁵</span> <span class='ocrx_word' id='word_1_132' title='bbox 721 1847 843 1916; x_wconf 87' lang='lat' dir='ltr'>babere</span> <span class='ocrx_word' id='word_1_133' title='bbox 858 1849 1033 1917; x_wconf 86' lang='lat' dir='ltr'>obstrictas</span> <span class='ocrx_word' id='word_1_134' title='bbox 1050 1848 1194 1919; x_wconf 84' lang='lat' dir='ltr'>volebat.</span> 
     </span>
     <span class='ocr_line' id='line_1_18' title="bbox 121 1954 1190 2049; baseline 0.003 -28"><span class='ocrx_word' id='word_1_135' title='bbox 121 1956 238 2047; x_wconf 88' lang='lat' dir='ltr'>ltaque</span> <span class='ocrx_word' id='word_1_136' title='bbox 259 1977 329 2020; x_wconf 88' lang='lat' dir='ltr'>rem</span> <span class='ocrx_word' id='word_1_137' title='bbox 345 1954 498 2046; x_wconf 88' lang='lat' dir='ltr'>suscipit,</span> <span class='ocrx_word' id='word_1_138' title='bbox 515 1966 550 2020; x_wconf 87' lang='lat' dir='ltr'>et</span> <span class='ocrx_word' id='word_1_139' title='bbox 568 1977 586 2019; x_wconf 91' lang='lat' dir='ltr'>a</span> <span class='ocrx_word' id='word_1_140' title='bbox 605 1955 791 2046; x_wconf 89' lang='lat' dir='ltr'>Sequanis</span> <span class='ocrx_word' id='word_1_141' title='bbox 781 1968 953 2049; x_wconf 79' lang='lat' dir='ltr'>impetrat,</span> <span class='ocrx_word' id='word_1_142' title='bbox 971 1970 1009 2023; x_wconf 93' lang='lat' dir='ltr'>ut</span> <span class='ocrx_word' id='word_1_143' title='bbox 1028 1979 1088 2049; x_wconf 93' lang='lat' dir='ltr'>per</span> <span class='ocrx_word' id='word_1_144' title='bbox 1106 1954 1190 2024; x_wconf 88' lang='lat' dir='ltr'>fines</span> 
     </span>
     <span class='ocr_line' id='line_1_19' title="bbox 122 2057 1188 2154; baseline 0.005 -27"><span class='ocrx_word' id='word_1_145' title='bbox 122 2084 199 2127; x_wconf 90' lang='lat' dir='ltr'>suos</span> <span class='ocrx_word' id='word_1_146' title='bbox 224 2057 392 2127; x_wconf 86' lang='lat' dir='ltr'>Helvetios</span> <span class='ocrx_word' id='word_1_147' title='bbox 423 2060 470 2126; x_wconf 91' lang='lat' dir='ltr'>ire</span> <span class='ocrx_word' id='word_1_148' title='bbox 498 2060 682 2152; x_wconf 87' lang='lat' dir='ltr'>patiantur,</span> <span class='ocrx_word' id='word_1_149' title='bbox 707 2059 902 2154; x_wconf 89' lang='lat' dir='ltr'>obsidesque</span> <span class='ocrx_word' id='word_1_150' title='bbox 929 2062 976 2127; x_wconf 91' lang='lat' dir='ltr'>uti</span> <span class='ocrx_word' id='word_1_151' title='bbox 1004 2062 1090 2130; x_wconf 89' lang='lat' dir='ltr'>inter</span> <span class='ocrx_word' id='word_1_152' title='bbox 1118 2084 1188 2132; x_wconf 81' lang='lat' dir='ltr'>sese</span> 
     </span>
    </p>
   </div>
   <div class='ocr_carea' id='block_1_5' title="bbox 112 2284 1190 3789">
    <p class='ocr_par' dir='ltr' id='par_1_5' title="bbox 118 2284 1188 2517">
     <span class='ocr_line' id='line_1_20' title="bbox 163 2284 1188 2358; baseline 0.003 -20"><span class='ocrx_word' id='word_1_153' title='bbox 163 2304 190 2354; x_wconf 87' lang='lat'>7.</span> <span class='ocrx_word' id='word_1_154' title='bbox 206 2285 238 2338; x_wconf 78' lang='lat' dir='ltr'>Se</span> <span class='ocrx_word' id='word_1_155' title='bbox 254 2304 317 2336; x_wconf 80' lang='lat' dir='ltr'>more</span> <span class='ocrx_word' id='word_1_156' title='bbox 331 2297 356 2336; x_wconf 81' lang='lat' dir='ltr'>et</span> <span class='ocrx_word' id='word_1_157' title='bbox 370 2284 482 2354; x_wconf 73' lang='lat' dir='ltr'>exemplo.</span> <span class='ocrx_word' id='word_1_158' title='bbox 495 2284 538 2337; x_wconf 89' lang='lat' dir='ltr'>Sic</span> <span class='ocrx_word' id='word_1_159' title='bbox 548 2285 633 2336; x_wconf 85' lang='lat' dir='ltr'>Tacit.</span> <span class='ocrx_word' id='word_1_160' title='bbox 678 2284 782 2336; x_wconf 73' lang='lat' dir='ltr'>raaudus</span> <span class='ocrx_word' id='word_1_161' title='bbox 793 2285 871 2347; x_wconf 80' lang='lat' dir='ltr'>mdis,</span> <span class='ocrx_word' id='word_1_162' title='bbox 883 2297 917 2347; x_wconf 86' lang='lat' dir='ltr'>et,</span> <span class='ocrx_word' id='word_1_163' title='bbox 931 2289 954 2336; x_wconf 82' lang='lat' dir='ltr'>si</span> <span class='ocrx_word' id='word_1_164' title='bbox 965 2287 1026 2358; x_wconf 81' lang='lat' dir='ltr'>quid</span> <span class='ocrx_word' id='word_1_165' title='bbox 1031 2289 1100 2353; x_wconf 84' lang='lat' dir='ltr'>forte</span> <span class='ocrx_word' id='word_1_166' title='bbox 1112 2289 1188 2341; x_wconf 74' lang='lat' dir='ltr'>lim</span> 
     </span>
     <span class='ocr_line' id='line_1_21' title="bbox 122 2363 822 2435; baseline 0 -18"><span class='ocrx_word' id='word_1_167' title='bbox 122 2363 156 2417; x_wconf 87' lang='grc' dir='ltr'>Η.</span> <span class='ocrx_word' id='word_1_168' title='bbox 164 2365 182 2416; x_wconf 90' lang='grc' dir='ltr'>Ι.</span> <span class='ocrx_word' id='word_1_169' title='bbox 192 2365 219 2429; x_wconf 91' lang='lat'>1,</span> <span class='ocrx_word' id='word_1_170' title='bbox 231 2366 265 2417; x_wconf 80' lang='lat'>18</span> <span class='ocrx_word' id='word_1_171' title='bbox 276 2382 283 2417; x_wconf 92' lang='lat'>:</span> <span class='ocrx_word' id='word_1_172' title='bbox 294 2384 357 2416; x_wconf 73' lang='lat' dir='ltr'>more</span> <span class='ocrx_word' id='word_1_173' title='bbox 367 2365 403 2417; x_wconf 91' lang='lat' dir='ltr'>D.</span> <span class='ocrx_word' id='word_1_174' title='bbox 409 2367 519 2435; x_wconf 73' lang='lat' dir='ltr'>Augusti</span> <span class='ocrx_word' id='word_1_175' title='bbox 525 2377 550 2415; x_wconf 82' lang='lat' dir='ltr'>et</span> <span class='ocrx_word' id='word_1_176' title='bbox 558 2384 635 2416; x_wconf 74' lang='lat' dir='ltr'>seem·</span> <span class='ocrx_word' id='word_1_177' title='bbox 677 2370 739 2417; x_wconf 77' lang='lat' dir='ltr'>novi.</span> <span class='ocrx_word' id='word_1_178' title='bbox 756 2366 822 2417; x_wconf 71' lang='lat' dir='ltr'>Dur.</span> 
     </span>
     <span class='ocr_line' id='line_1_22' title="bbox 118 2445 1186 2517; baseline 0.005 -23"><span class='ocrx_word' id='word_1_179' title='bbox 118 2445 163 2515; x_wconf 80' lang='lat' dir='ltr'>plo</span> <span class='ocrx_word' id='word_1_180' title='bbox 174 2445 278 2498; x_wconf 67' lang='lat' dir='ltr'>aman:</span> <span class='ocrx_word' id='word_1_181' title='bbox 291 2445 361 2496; x_wconf 82' lang='lat' dir='ltr'>Male</span> <span class='ocrx_word' id='word_1_182' title='bbox 372 2445 497 2497; x_wconf 86' lang='lat' dir='ltr'>Hotman.</span> <span class='ocrx_word' id='word_1_183' title='bbox 511 2447 608 2515; x_wconf 79' lang='lat' dir='ltr'>injussu.</span> <span class='ocrx_word' id='word_1_184' title='bbox 721 2463 764 2498; x_wconf 85' lang='lat' dir='ltr'>ra.</span> <span class='ocrx_word' id='word_1_185' title='bbox 780 2448 856 2517; x_wconf 74' lang='lat' dir='ltr'>operis</span> <span class='ocrx_word' id='word_1_186' title='bbox 877 2446 1110 2499; x_wconf 66' lang='lat' dir='ltr'>munumentum</span> <span class='ocrx_word' id='word_1_187' title='bbox 1132 2447 1186 2501; x_wconf 83' lang='lat' dir='ltr'>scil.</span> 
     </span>
    </p>

    <p class='ocr_par' dir='ltr' id='par_1_6' title="bbox 122 2523 1188 2672">
     <span class='ocr_line' id='line_1_23' title="bbox 163 2523 1188 2599; baseline 0.003 -23"><span class='ocrx_word' id='word_1_188' title='bbox 163 2525 190 2576; x_wconf 88' lang='grc'>8.</span> <span class='ocrx_word' id='word_1_189' title='bbox 203 2524 323 2577; x_wconf 80' lang='lat' dir='ltr'>Ostendit.</span> <span class='ocrx_word' id='word_1_190' title='bbox 336 2525 510 2595; x_wconf 78' lang='lat' dir='ltr'>Significavit,</span> <span class='ocrx_word' id='word_1_191' title='bbox 522 2523 636 2577; x_wconf 81' lang='lat' dir='ltr'>declara·</span> <span class='ocrx_word' id='word_1_192' title='bbox 677 2524 745 2576; x_wconf 82' lang='lat' dir='ltr'>fossa</span> <span class='ocrx_word' id='word_1_193' title='bbox 761 2537 787 2577; x_wconf 88' lang='lat' dir='ltr'>et</span> <span class='ocrx_word' id='word_1_194' title='bbox 809 2525 932 2590; x_wconf 79' lang='lat' dir='ltr'>castellis,</span> <span class='ocrx_word' id='word_1_195' title='bbox 943 2524 978 2578; x_wconf 89' lang='lat' dir='ltr'>de</span> <span class='ocrx_word' id='word_1_196' title='bbox 992 2526 1088 2596; x_wconf 88' lang='lat' dir='ltr'>quibus</span> <span class='ocrx_word' id='word_1_197' title='bbox 1110 2528 1188 2599; x_wconf 84' lang='lat' dir='ltr'>paulo</span> 
     </span>
     <span class='ocr_line' id='line_1_24' title="bbox 122 2603 952 2672; baseline 0.001 -16"><span class='ocrx_word' id='word_1_198' title='bbox 122 2604 169 2657; x_wconf 78' lang='lat' dir='ltr'>rit.</span> <span class='ocrx_word' id='word_1_199' title='bbox 189 2605 295 2657; x_wconf 84' lang='lat' dir='ltr'>Terent.</span> <span class='ocrx_word' id='word_1_200' title='bbox 312 2604 433 2657; x_wconf 86' lang='lat' dir='ltr'>Eunnclr.</span> <span class='ocrx_word' id='word_1_201' title='bbox 451 2605 485 2655; x_wconf 90' lang='lat' dir='ltr'>V.</span> <span class='ocrx_word' id='word_1_202' title='bbox 505 2623 531 2672; x_wconf 88' lang='lat'>9.</span> <span class='ocrx_word' id='word_1_203' title='bbox 549 2605 593 2671; x_wconf 85' lang='lat'>59.</span> <span class='ocrx_word' id='word_1_204' title='bbox 678 2616 738 2656; x_wconf 88' lang='lat' dir='ltr'>ante</span> <span class='ocrx_word' id='word_1_205' title='bbox 752 2603 862 2657; x_wconf 80' lang='lat' dir='ltr'>dixerat.</span> <span class='ocrx_word' id='word_1_206' title='bbox 878 2605 952 2657; x_wconf 85' lang='lat' dir='ltr'>Mon.</span> 
     </span>
    </p>

    <p class='ocr_par' dir='ltr' id='par_1_7' title="bbox 121 2683 1190 3233">
     <span class='ocr_line' id='line_1_25' title="bbox 163 2683 1168 2756; baseline 0.005 -22"><span class='ocrx_word' id='word_1_207' title='bbox 163 2703 190 2752; x_wconf 85' lang='lat'>9.</span> <span class='ocrx_word' id='word_1_208' title='bbox 213 2684 358 2756; x_wconf 76' lang='lat' dir='ltr'>Rsts&#39;dusque</span> <span class='ocrx_word' id='word_1_209' title='bbox 379 2684 535 2754; x_wconf 74' lang='lat' dir='ltr'>compluribus</span> <span class='ocrx_word' id='word_1_210' title='bbox 549 2685 634 2750; x_wconf 82' lang='lat' dir='ltr'>sactis.</span> <span class='ocrx_word' id='word_1_211' title='bbox 718 2685 782 2736; x_wconf 71' lang='lat' dir='ltr'>Cer.</span> <span class='ocrx_word' id='word_1_212' title='bbox 798 2685 846 2736; x_wconf 81' lang='lat' dir='ltr'>lx.</span> <span class='ocrx_word' id='word_1_213' title='bbox 860 2703 884 2737; x_wconf 86' lang='lat'>1.</span> <span class='ocrx_word' id='word_1_214' title='bbox 900 2683 950 2736; x_wconf 84' lang='lat' dir='ltr'>Sua</span> <span class='ocrx_word' id='word_1_215' title='bbox 963 2699 1053 2756; x_wconf 81' lang='lat' dir='ltr'>sponte.</span> <span class='ocrx_word' id='word_1_216' title='bbox 1066 2685 1118 2736; x_wconf 86' lang='lat' dir='ltr'>Per</span> <span class='ocrx_word' id='word_1_217' title='bbox 1132 2706 1168 2739; x_wconf 87' lang='lat' dir='ltr'>se.</span> 
     </span>
     <span class='ocr_line' id='line_1_26' title="bbox 121 2761 1190 2834; baseline 0.002 -19"><span class='ocrx_word' id='word_1_218' title='bbox 121 2764 200 2816; x_wconf 83' lang='lat' dir='ltr'>Rates</span> <span class='ocrx_word' id='word_1_219' title='bbox 210 2802 218 2829; x_wconf 94' lang='lat'>,</span> <span class='ocrx_word' id='word_1_220' title='bbox 229 2764 349 2825; x_wconf 65' lang='lat' dir='ltr'>raderus,</span> <span class='ocrx_word' id='word_1_221' title='bbox 363 2768 438 2815; x_wconf 77' lang='lat' dir='ltr'>troius</span> <span class='ocrx_word' id='word_1_222' title='bbox 448 2763 477 2813; x_wconf 86' lang='lat' dir='ltr'>de</span> <span class='ocrx_word' id='word_1_223' title='bbox 488 2763 546 2814; x_wconf 78' lang='lat' dir='ltr'>bois.</span> <span class='ocrx_word' id='word_1_224' title='bbox 563 2761 635 2833; x_wconf 89' lang='lat' dir='ltr'>quod</span> <span class='ocrx_word' id='word_1_225' title='bbox 720 2783 745 2815; x_wconf 81' lang='lat' dir='ltr'>n.</span> <span class='ocrx_word' id='word_1_226' title='bbox 764 2766 806 2818; x_wconf 82' lang='lat' dir='ltr'>Eo</span> <span class='ocrx_word' id='word_1_227' title='bbox 819 2764 976 2834; x_wconf 70' lang='lat' dir='ltr'>deprecatore.</span> <span class='ocrx_word' id='word_1_228' title='bbox 990 2765 1145 2834; x_wconf 73' lang='lat' dir='ltr'>Praepositio</span> <span class='ocrx_word' id='word_1_229' title='bbox 1159 2765 1190 2817; x_wconf 80' lang='lat' dir='ltr'>dr</span> 
     </span>
     <span class='ocr_line' id='line_1_27' title="bbox 122 2842 1189 2915; baseline 0.005 -21"><span class='ocrx_word' id='word_1_230' title='bbox 122 2843 239 2914; x_wconf 86' lang='lat' dir='ltr'>primum</span> <span class='ocrx_word' id='word_1_231' title='bbox 261 2843 312 2895; x_wconf 85' lang='lat' dir='ltr'>tuit</span> <span class='ocrx_word' id='word_1_232' title='bbox 331 2843 431 2913; x_wconf 71' lang='lat' dir='ltr'>navigii</span> <span class='ocrx_word' id='word_1_233' title='bbox 452 2861 551 2914; x_wconf 80' lang='lat' dir='ltr'>genus,</span> <span class='ocrx_word' id='word_1_234' title='bbox 569 2854 636 2895; x_wconf 82' lang='lat' dir='ltr'>teste</span> <span class='ocrx_word' id='word_1_235' title='bbox 678 2843 780 2895; x_wconf 89' lang='lat' dir='ltr'>nomini</span> <span class='ocrx_word' id='word_1_236' title='bbox 800 2842 922 2915; x_wconf 87' lang='lat' dir='ltr'>adjuncta</span> <span class='ocrx_word' id='word_1_237' title='bbox 942 2842 1143 2913; x_wconf 78' lang='lat' dir='ltr'>adaugendum</span> <span class='ocrx_word' id='word_1_238' title='bbox 1162 2857 1189 2899; x_wconf 88' lang='lat' dir='ltr'>et</span> 
     </span>
     <span class='ocr_line' id='line_1_28' title="bbox 123 2920 1188 2988; baseline 0.004 -14"><span class='ocrx_word' id='word_1_239' title='bbox 123 2923 192 2975; x_wconf 85' lang='lat' dir='ltr'>Plin.</span> <span class='ocrx_word' id='word_1_240' title='bbox 208 2924 226 2975; x_wconf 90' lang='lat' dir='ltr'>l.</span> <span class='ocrx_word' id='word_1_241' title='bbox 243 2940 302 2988; x_wconf 89' lang='grc' dir='ltr'>ιιι,</span> <span class='ocrx_word' id='word_1_242' title='bbox 316 2935 343 2975; x_wconf 85' lang='lat' dir='ltr'>ct</span> <span class='ocrx_word' id='word_1_243' title='bbox 362 2922 473 2975; x_wconf 88' lang='lat' dir='ltr'>Diodor.</span> <span class='ocrx_word' id='word_1_244' title='bbox 491 2922 559 2973; x_wconf 89' lang='lat' dir='ltr'>Bibl.</span> <span class='ocrx_word' id='word_1_245' title='bbox 575 2922 592 2974; x_wconf 94' lang='lat' dir='ltr'>l.</span> <span class='ocrx_word' id='word_1_246' title='bbox 608 2942 634 2974; x_wconf 85' lang='grc' dir='ltr'>ι.</span> <span class='ocrx_word' id='word_1_247' title='bbox 678 2922 866 2976; x_wconf 84' lang='lat' dir='ltr'>cumulandum</span> <span class='ocrx_word' id='word_1_248' title='bbox 881 2924 964 2987; x_wconf 81' lang='lat' dir='ltr'>valet,</span> <span class='ocrx_word' id='word_1_249' title='bbox 979 2935 1009 2975; x_wconf 89' lang='lat' dir='ltr'>ut</span> <span class='ocrx_word' id='word_1_250' title='bbox 1026 2920 1103 2976; x_wconf 83' lang='lat' dir='ltr'>docet</span> <span class='ocrx_word' id='word_1_251' title='bbox 1118 2925 1188 2978; x_wconf 87' lang='lat' dir='ltr'>Gell.</span> 
     </span>
     <span class='ocr_line' id='line_1_29' title="bbox 122 3001 1189 3072; baseline 0.003 -18"><span class='ocrx_word' id='word_1_252' title='bbox 122 3001 210 3054; x_wconf 85' lang='lat' dir='ltr'>Hodie</span> <span class='ocrx_word' id='word_1_253' title='bbox 237 3003 317 3055; x_wconf 86' lang='lat' dir='ltr'>etiam</span> <span class='ocrx_word' id='word_1_254' title='bbox 337 3003 512 3056; x_wconf 82' lang='lat' dir='ltr'>necessarium</span> <span class='ocrx_word' id='word_1_255' title='bbox 539 3013 565 3052; x_wconf 88' lang='lat' dir='ltr'>et</span> <span class='ocrx_word' id='word_1_256' title='bbox 589 3021 635 3072; x_wconf 89' lang='lat' dir='ltr'>ap·</span> <span class='ocrx_word' id='word_1_257' title='bbox 678 3003 822 3055; x_wconf 68' lang='lat' dir='ltr'>Noctdtt.</span> <span class='ocrx_word' id='word_1_258' title='bbox 839 3005 878 3066; x_wconf 90' lang='lat' dir='ltr'>L,</span> <span class='ocrx_word' id='word_1_259' title='bbox 894 3020 938 3068; x_wconf 89' lang='grc' dir='ltr'>ιι,</span> <span class='ocrx_word' id='word_1_260' title='bbox 952 3022 975 3055; x_wconf 88' lang='lat' dir='ltr'>e.</span> <span class='ocrx_word' id='word_1_261' title='bbox 988 3006 1031 3056; x_wconf 81' lang='grc' dir='ltr'>ιθ.</span> <span class='ocrx_word' id='word_1_262' title='bbox 1048 3003 1136 3067; x_wconf 84' lang='lat' dir='ltr'>Quam</span> <span class='ocrx_word' id='word_1_263' title='bbox 1153 3005 1189 3057; x_wconf 86' lang='lat' dir='ltr'>si·</span> 
     </span>
     <span class='ocr_line' id='line_1_30' title="bbox 122 3080 1190 3155; baseline 0.004 -22"><span class='ocrx_word' id='word_1_264' title='bbox 122 3082 239 3152; x_wconf 78' lang='lat' dir='ltr'>positum</span> <span class='ocrx_word' id='word_1_265' title='bbox 254 3081 288 3135; x_wconf 84' lang='lat' dir='ltr'>ad</span> <span class='ocrx_word' id='word_1_266' title='bbox 304 3080 510 3139; x_wconf 78' lang='lat' dir='ltr'>transvehendos</span> <span class='ocrx_word' id='word_1_267' title='bbox 524 3081 635 3146; x_wconf 84' lang='lat' dir='ltr'>milites,</span> <span class='ocrx_word' id='word_1_268' title='bbox 678 3082 872 3152; x_wconf 75' lang='lat' dir='ltr'>gnificationem</span> <span class='ocrx_word' id='word_1_269' title='bbox 885 3082 928 3134; x_wconf 88' lang='lat' dir='ltr'>hic</span> <span class='ocrx_word' id='word_1_270' title='bbox 943 3083 1058 3145; x_wconf 87' lang='lat' dir='ltr'>obtinet,</span> <span class='ocrx_word' id='word_1_271' title='bbox 1071 3096 1102 3135; x_wconf 91' lang='lat' dir='ltr'>ut</span> <span class='ocrx_word' id='word_1_272' title='bbox 1117 3081 1190 3155; x_wconf 79' lang='lat' dir='ltr'>apud</span> 
     </span>
     <span class='ocr_line' id='line_1_31' title="bbox 122 3160 1189 3233; baseline 0.001 -20"><span class='ocrx_word' id='word_1_273' title='bbox 122 3179 206 3231; x_wconf 87' lang='lat' dir='ltr'>quum</span> <span class='ocrx_word' id='word_1_274' title='bbox 220 3162 348 3214; x_wconf 67' lang='lat' dir='ltr'>navicula</span> <span class='ocrx_word' id='word_1_275' title='bbox 362 3160 466 3214; x_wconf 79' lang='lat' dir='ltr'>desunt.</span> <span class='ocrx_word' id='word_1_276' title='bbox 677 3161 785 3214; x_wconf 87' lang='lat' dir='ltr'>Petron.</span> <span class='ocrx_word' id='word_1_277' title='bbox 797 3162 825 3212; x_wconf 91' lang='lat' dir='ltr'>in</span> <span class='ocrx_word' id='word_1_278' title='bbox 838 3175 918 3232; x_wconf 64' lang='lat' dir='ltr'>satyr.</span> <span class='ocrx_word' id='word_1_279' title='bbox 930 3181 953 3214; x_wconf 93' lang='lat' dir='ltr'>c.</span> <span class='ocrx_word' id='word_1_280' title='bbox 964 3163 1010 3215; x_wconf 86' lang='grc' dir='ltr'>3ο.</span> <span class='ocrx_word' id='word_1_281' title='bbox 1022 3163 1089 3214; x_wconf 70' lang='lat' dir='ltr'>Der.</span> <span class='ocrx_word' id='word_1_282' title='bbox 1099 3163 1189 3233; x_wconf 80' lang='lat' dir='ltr'>Vulgo</span> 
     </span>
    </p>

    <p class='ocr_par' dir='ltr' id='par_1_8' title="bbox 122 3240 1190 3631">
     <span class='ocr_line' id='line_1_32' title="bbox 167 3240 1190 3314; baseline 0.002 -21"><span class='ocrx_word' id='word_1_283' title='bbox 167 3259 211 3293; x_wconf 91' lang='lat' dir='ltr'>ro.</span> <span class='ocrx_word' id='word_1_284' title='bbox 223 3241 331 3294; x_wconf 71' lang='lat' dir='ltr'>Navibus</span> <span class='ocrx_word' id='word_1_285' title='bbox 342 3241 488 3314; x_wconf 64' lang='lat' dir='ltr'>retibusque,</span> <span class='ocrx_word' id='word_1_286' title='bbox 502 3241 546 3291; x_wconf 78' lang='lat' dir='ltr'>alr&#39;r&#39;</span> <span class='ocrx_word' id='word_1_287' title='bbox 554 3240 634 3293; x_wconf 81' lang='lat' dir='ltr'>nadis.</span> <span class='ocrx_word' id='word_1_288' title='bbox 678 3241 822 3311; x_wconf 74' lang='lat' dir='ltr'>deprecator,</span> <span class='ocrx_word' id='word_1_289' title='bbox 842 3242 887 3311; x_wconf 91' lang='lat' dir='ltr'>qui</span> <span class='ocrx_word' id='word_1_290' title='bbox 906 3260 952 3294; x_wconf 88' lang='lat' dir='ltr'>reo</span> <span class='ocrx_word' id='word_1_291' title='bbox 967 3240 1124 3313; x_wconf 87' lang='lat' dir='ltr'>deprecatur</span> <span class='ocrx_word' id='word_1_292' title='bbox 1142 3261 1190 3295; x_wconf 80' lang='lat' dir='ltr'>re·</span> 
     </span>
     <span class='ocr_line' id='line_1_33' title="bbox 122 3318 1189 3394; baseline 0.003 -22"><span class='ocrx_word' id='word_1_293' title='bbox 122 3322 164 3373; x_wconf 88' lang='lat' dir='ltr'>Ita</span> <span class='ocrx_word' id='word_1_294' title='bbox 174 3319 253 3374; x_wconf 89' lang='lat' dir='ltr'>oodd.</span> <span class='ocrx_word' id='word_1_295' title='bbox 265 3321 301 3373; x_wconf 86' lang='lat' dir='ltr'>ita</span> <span class='ocrx_word' id='word_1_296' title='bbox 317 3321 405 3373; x_wconf 76' lang='lat' dir='ltr'>Daris.</span> <span class='ocrx_word' id='word_1_297' title='bbox 419 3334 445 3373; x_wconf 87' lang='lat' dir='ltr'>et</span> <span class='ocrx_word' id='word_1_298' title='bbox 459 3318 633 3391; x_wconf 85' lang='lat' dir='ltr'>Oudendorp.</span> <span class='ocrx_word' id='word_1_299' title='bbox 677 3322 756 3372; x_wconf 79' lang='lat' dir='ltr'>niem.</span> <span class='ocrx_word' id='word_1_300' title='bbox 771 3320 798 3372; x_wconf 90' lang='lat' dir='ltr'>h.</span> <span class='ocrx_word' id='word_1_301' title='bbox 815 3322 833 3372; x_wconf 90' lang='lat' dir='ltr'>l.</span> <span class='ocrx_word' id='word_1_302' title='bbox 849 3322 1014 3391; x_wconf 86' lang='lat' dir='ltr'>simpliciter,</span> <span class='ocrx_word' id='word_1_303' title='bbox 1029 3333 1075 3387; x_wconf 92' lang='lat' dir='ltr'>ut,</span> <span class='ocrx_word' id='word_1_304' title='bbox 1091 3341 1120 3372; x_wconf 88' lang='lat' dir='ltr'>eo</span> <span class='ocrx_word' id='word_1_305' title='bbox 1131 3341 1189 3394; x_wconf 72' lang='lat' dir='ltr'>pre·</span> 
     </span>
     <span class='ocr_line' id='line_1_34' title="bbox 122 3400 1107 3473; baseline 0 -20"><span class='ocrx_word' id='word_1_306' title='bbox 122 3401 220 3473; x_wconf 72' lang='lat' dir='ltr'>vulget.</span> <span class='ocrx_word' id='word_1_307' title='bbox 235 3420 289 3453; x_wconf 73' lang='lat' dir='ltr'>me.</span> <span class='ocrx_word' id='word_1_308' title='bbox 308 3400 443 3472; x_wconf 74' lang='lat' dir='ltr'>mediasque</span> <span class='ocrx_word' id='word_1_309' title='bbox 458 3402 512 3460; x_wconf 74' lang='lat' dir='ltr'>atii,</span> <span class='ocrx_word' id='word_1_310' title='bbox 531 3401 575 3450; x_wconf 79' lang='lat' dir='ltr'>alii</span> <span class='ocrx_word' id='word_1_311' title='bbox 587 3418 635 3450; x_wconf 75' lang='lat' dir='ltr'>‘ra-</span> <span class='ocrx_word' id='word_1_312' title='bbox 677 3412 760 3462; x_wconf 74' lang='lat' dir='ltr'>cam,</span> <span class='ocrx_word' id='word_1_313' title='bbox 775 3400 914 3452; x_wconf 85' lang='lat' dir='ltr'>transitum</span> <span class='ocrx_word' id='word_1_314' title='bbox 928 3403 1107 3472; x_wconf 77' lang='lat' dir='ltr'>impetrarent.</span> 
     </span>
     <span class='ocr_line' id='line_1_35' title="bbox 123 3479 1189 3551; baseline 0.003 -20"><span class='ocrx_word' id='word_1_315' title='bbox 123 3482 169 3533; x_wconf 82' lang='lat' dir='ltr'>dis.</span> <span class='ocrx_word' id='word_1_316' title='bbox 182 3484 217 3534; x_wconf 80' lang='lat' dir='ltr'>At</span> <span class='ocrx_word' id='word_1_317' title='bbox 228 3482 285 3543; x_wconf 76' lang='lat' dir='ltr'>alr‘r&#39;,</span> <span class='ocrx_word' id='word_1_318' title='bbox 296 3481 337 3532; x_wconf 80' lang='lat' dir='ltr'>bn</span> <span class='ocrx_word' id='word_1_319' title='bbox 347 3480 469 3533; x_wconf 88' lang='lat' dir='ltr'>hocloco</span> <span class='ocrx_word' id='word_1_320' title='bbox 479 3479 634 3550; x_wconf 82' lang='lat' dir='ltr'>repetitum,</span> <span class='ocrx_word' id='word_1_321' title='bbox 707 3480 992 3551; x_wconf 58' lang='lat' dir='ltr'>&amp;Impetrerentvulgo</span> <span class='ocrx_word' id='word_1_322' title='bbox 1000 3480 1189 3551; x_wconf 73' lang='lat' dir='ltr'>doepraemitti·</span> 
     </span>
     <span class='ocr_line' id='line_1_36' title="bbox 124 3558 1189 3631; baseline 0.002 -20"><span class='ocrx_word' id='word_1_323' title='bbox 124 3580 178 3613; x_wconf 93' lang='lat' dir='ltr'>non</span> <span class='ocrx_word' id='word_1_324' title='bbox 192 3562 256 3614; x_wconf 88' lang='lat' dir='ltr'>utile</span> <span class='ocrx_word' id='word_1_325' title='bbox 270 3571 316 3614; x_wconf 82' lang='lat' dir='ltr'>est.</span> <span class='ocrx_word' id='word_1_326' title='bbox 677 3570 729 3611; x_wconf 86' lang='lat' dir='ltr'>tur.</span> <span class='ocrx_word' id='word_1_327' title='bbox 745 3558 918 3631; x_wconf 82' lang='lat' dir='ltr'>Oudendorp.</span> <span class='ocrx_word' id='word_1_328' title='bbox 937 3559 1047 3623; x_wconf 82' lang='lat' dir='ltr'>delevit,</span> <span class='ocrx_word' id='word_1_329' title='bbox 1062 3578 1094 3612; x_wconf 83' lang='lat' dir='ltr'>ex</span> <span class='ocrx_word' id='word_1_330' title='bbox 1109 3559 1189 3613; x_wconf 84' lang='lat' dir='ltr'>codd.</span> 
     </span>
    </p>

    <p class='ocr_par' dir='ltr' id='par_1_9' title="bbox 112 3638 1189 3789">
     <span class='ocr_line' id='line_1_37' title="bbox 167 3638 1189 3711; baseline -0.001 -17"><span class='ocrx_word' id='word_1_331' title='bbox 167 3659 210 3694; x_wconf 86' lang='grc' dir='ltr'>ιι.</span> <span class='ocrx_word' id='word_1_332' title='bbox 226 3641 289 3694; x_wconf 85' lang='lat' dir='ltr'>Si...</span> <span class='ocrx_word' id='word_1_333' title='bbox 296 3651 401 3711; x_wconf 78' lang='lat' dir='ltr'>possent.</span> <span class='ocrx_word' id='word_1_334' title='bbox 416 3640 523 3691; x_wconf 85' lang='lat' dir='ltr'>Terent.</span> <span class='ocrx_word' id='word_1_335' title='bbox 539 3639 633 3691; x_wconf 81' lang='lat' dir='ltr'>Heaut.</span> <span class='ocrx_word' id='word_1_336' title='bbox 718 3645 744 3702; x_wconf 72' lang='grc'>4.</span> <span class='ocrx_word' id='word_1_337' title='bbox 759 3638 995 3709; x_wconf 58' lang='grc' dir='ltr'>Οιὸειοιιξιιβὶιίιηι</span> <span class='ocrx_word' id='word_1_338' title='bbox 1006 3640 1115 3692; x_wconf 65' lang='lat' dir='ltr'>desseret.</span> <span class='ocrx_word' id='word_1_339' title='bbox 1127 3639 1189 3693; x_wconf 82' lang='lat' dir='ltr'>vide</span> 
     </span>
     <span class='ocr_line' id='line_1_38' title="bbox 112 3717 867 3789; baseline 0.003 -20"><span class='ocrx_word' id='word_1_340' title='bbox 112 3720 180 3772; x_wconf 68' lang='lat' dir='ltr'>bct.</span> <span class='ocrx_word' id='word_1_341' title='bbox 189 3738 208 3772; x_wconf 91' lang='grc' dir='ltr'>ι.</span> <span class='ocrx_word' id='word_1_342' title='bbox 222 3739 322 3785; x_wconf 61' lang='lat' dir='ltr'>scens,</span> <span class='ocrx_word' id='word_1_343' title='bbox 331 3739 342 3772; x_wconf 89' lang='grc' dir='ltr'>ι</span> <span class='ocrx_word' id='word_1_344' title='bbox 351 3721 384 3772; x_wconf 87' lang='grc' dir='ltr'>ι8</span> <span class='ocrx_word' id='word_1_345' title='bbox 395 3723 515 3770; x_wconf 73' lang='lat' dir='ltr'>:visumst</span> <span class='ocrx_word' id='word_1_346' title='bbox 519 3717 585 3769; x_wconf 78' lang='lat' dir='ltr'>domi</span> <span class='ocrx_word' id='word_1_347' title='bbox 590 3732 633 3770; x_wconf 84' lang='lat' dir='ltr'>est.</span> <span class='ocrx_word' id='word_1_348' title='bbox 677 3737 755 3789; x_wconf 82' lang='lat' dir='ltr'>supra</span> <span class='ocrx_word' id='word_1_349' title='bbox 766 3737 822 3789; x_wconf 87' lang='lat' dir='ltr'>cap.</span> <span class='ocrx_word' id='word_1_350' title='bbox 841 3720 867 3771; x_wconf 78' lang='grc'>3.</span> 
     </span>
    </p>
   </div>
   <div class='ocr_carea' id='block_1_6' title="bbox 124 3797 1189 3951">
    <p class='ocr_par' dir='ltr' id='par_1_10' title="bbox 124 3797 1189 3951">
     <span class='ocr_line' id='line_1_39' title="bbox 124 3797 1189 3868; baseline 0.003 -20"><span class='ocrx_word' id='word_1_351' title='bbox 124 3797 159 3848; x_wconf 81' lang='lat' dir='ltr'>Si.</span> <span class='ocrx_word' id='word_1_352' title='bbox 172 3799 199 3850; x_wconf 93' lang='lat' dir='ltr'>h.</span> <span class='ocrx_word' id='word_1_353' title='bbox 212 3819 234 3851; x_wconf 90' lang='lat' dir='ltr'>e.</span> <span class='ocrx_word' id='word_1_354' title='bbox 248 3821 288 3853; x_wconf 87' lang='lat' dir='ltr'>an.</span> <span class='ocrx_word' id='word_1_355' title='bbox 301 3801 356 3854; x_wconf 88' lang='lat' dir='ltr'>Cic.</span> <span class='ocrx_word' id='word_1_356' title='bbox 368 3797 448 3851; x_wconf 80' lang='lat' dir='ltr'>Acad.</span> <span class='ocrx_word' id='word_1_357' title='bbox 460 3799 558 3863; x_wconf 78' lang='lat' dir='ltr'>Quaest.</span> <span class='ocrx_word' id='word_1_358' title='bbox 570 3800 592 3851; x_wconf 94' lang='lat' dir='ltr'>l.</span> <span class='ocrx_word' id='word_1_359' title='bbox 610 3814 633 3852; x_wconf 89' lang='grc' dir='ltr'>ι.</span> <span class='ocrx_word' id='word_1_360' title='bbox 719 3800 744 3850; x_wconf 87' lang='grc'>5.</span> <span class='ocrx_word' id='word_1_361' title='bbox 761 3798 812 3851; x_wconf 86' lang='lat' dir='ltr'>Suo</span> <span class='ocrx_word' id='word_1_362' title='bbox 821 3799 868 3850; x_wconf 77' lang='lat' dir='ltr'>sthi</span> <span class='ocrx_word' id='word_1_363' title='bbox 876 3797 994 3868; x_wconf 70' lang='lat' dir='ltr'>beneficio.</span> <span class='ocrx_word' id='word_1_364' title='bbox 1008 3800 1038 3850; x_wconf 89' lang='lat' dir='ltr'>ln</span> <span class='ocrx_word' id='word_1_365' title='bbox 1053 3800 1189 3852; x_wconf 85' lang='lat' dir='ltr'>nonnullis</span> 
     </span>
     <span class='ocr_line' id='line_1_40' title="bbox 124 3876 1187 3951; baseline 0.002 -23"><span class='ocrx_word' id='word_1_366' title='bbox 124 3877 173 3928; x_wconf 77' lang='lat' dir='ltr'>Hic</span> <span class='ocrx_word' id='word_1_367' title='bbox 185 3898 265 3947; x_wconf 78' lang='lat' dir='ltr'>pauca</span> <span class='ocrx_word' id='word_1_368' title='bbox 280 3885 375 3949; x_wconf 79' lang='lat' dir='ltr'>primo,</span> <span class='ocrx_word' id='word_1_369' title='bbox 390 3892 460 3951; x_wconf 75' lang='lat' dir='ltr'>atque</span> <span class='ocrx_word' id='word_1_370' title='bbox 478 3898 507 3929; x_wconf 85' lang='lat' dir='ltr'>ea</span> <span class='ocrx_word' id='word_1_371' title='bbox 518 3897 634 3948; x_wconf 79' lang='lat' dir='ltr'>pereunc-</span> <span class='ocrx_word' id='word_1_372' title='bbox 677 3876 755 3931; x_wconf 83' lang='lat' dir='ltr'>codd.</span> <span class='ocrx_word' id='word_1_373' title='bbox 766 3877 839 3932; x_wconf 87' lang='lat' dir='ltr'>deest</span> <span class='ocrx_word' id='word_1_374' title='bbox 845 3879 898 3931; x_wconf 75' lang='lat' dir='ltr'>sibi.</span> <span class='ocrx_word' id='word_1_375' title='bbox 908 3882 943 3930; x_wconf 78' lang='lat' dir='ltr'>At</span> <span class='ocrx_word' id='word_1_376' title='bbox 954 3879 1128 3931; x_wconf 83' lang='lat' dir='ltr'>necessarium</span> <span class='ocrx_word' id='word_1_377' title='bbox 1140 3892 1187 3932; x_wconf 81' lang='lat' dir='ltr'>est.</span> 
     </span>
    </p>
   </div>
   <div class='ocr_carea' id='block_1_7' title="bbox 0 0 1330 4830">
    <p class='ocr_par' dir='ltr' id='par_1_11' title="bbox 0 0 1330 4830">
     <span class='ocr_line' id='line_1_41' title="bbox 0 0 1330 4830; baseline 0 0"><span class='ocrx_word' id='word_1_378' title='bbox 0 0 1330 4830; x_wconf 95' lang='lat' dir='ltr'> </span> 
     </span>
    </p>
   </div>
  </div>
 </body>
</html>
