2648 4830
128 388 176 468 24
271 385 309 453 C.
337 382 479 457 JULIl
508 381 746 455 CAESARIS
772 377 1050 450 COMMENT.

125 513 305 608 intelligere
333 539 424 603 sese,
441 530 566 609 quanto
594 514 628 588 id
656 538 732 582 cum
760 510 905 607 periculo
934 510 1066 597 fecerit,

125 644 198 689 eam
220 645 372 708 causam,
385 645 485 714 quam
497 621 559 702 ,diu
576 621 737 714 potuerit,
752 620 900 688 tacuisse.
920 633 938 670 ’³

179 729 306 796 XVIII.
326 728 439 796 Caesar
459 727 523 796 hac
545 727 694 795 oratione
715 726 803 794 Lisci
824 722 1085 816 Dumnorigem,

126 833 203 901 tiaci
236 832 394 919 fratrem,
413 833 595 926 designari„
610 830 796 903 sentiebat:
820 829 899 916 sed,
920 827 1009 922 quod
1041 825 1087 920 ph

126 939 342 1031 praesentibus
364 963 419 1007 eas
440 963 493 1007 res
510 939 628 1032 jactari
648 937 656 960 ¹
680 935 830 1023 nolebat,
846 933 994 1005 celeriter
1015 957 1087 1002 com

127 1042 278 1131 dimittit,
291 1046 426 1129 Liscum
449 1047 567 1112 retinet
581 1069 589 1112 :
603 1044 720 1138 quaerit
741 1068 781 1110 ex
799 1041 869 1112 solo
891 1065 947 1127 ea,
965 1063 1038 1134 quae
1060 1040 1087 1105 ir.

127 1163 229 1217 uentu
251 1149 387 1218 dixerat.
409 1151 502 1228 Dicit
522 1148 655 1219 liberius
675 1164 773 1242 atque
802 1146 967 1217 audacius.
992 1143 1087 1213 Eadet

127 1268 219 1323 creto
244 1255 287 1330 ab
316 1255 386 1324 aliis
414 1258 532 1349 quaerit
553 1254 583 1343 ²;
608 1257 731 1349 reperit
758 1279 829 1323 esse
861 1277 947 1321 vera.
981 1254 1087 1345 lpsurr

126 1362 387 1455 Dumnorigem,
402 1386 531 1440 summa
545 1360 700 1447 audacia,
713 1384 833 1454 magna
848 1358 937 1473 apud
951 1356 1082 1452 plebem

127 1481 179 1539 ter
210 1464 437 1546 liberalitatem
466 1469 593 1585 gratia,
614 1460 871 1597 cupidumque
864 1488 975 1533 rerum
1002 1486 1087 1531 nova

128 1570 315 1666 complures
341 1597 446 1642 annos
468 1557 650 1667 portoria³,
668 1569 856 1665 reliquaque
876 1572 987 1639 omnia
1008 1567 1087 1636 AEdr

69 1679 77 1687 ’
127 1676 300 1773 vectigalia
311 1703 418 1815 parvo
435 1681 542 1773 pretio
557 1678 727 1772 redempta
740 1677 863 1746 habere
872 1689 1087 1771 ,propterea

126 1781 182 1873 illo
197 1772 337 1852 licente⁴
339 1799 478 1871 ,contra
495 1784 584 1862 liceri
601 1784 721 1853 audeat
738 1808 845 1852 nemo.
860 1784 921 1851 His
935 1782 1034 1849 rebus
1047 1795 1081 1849 et

125 1914 197 1957 rem
211 1839 405 1959 familiaiem
419 1892 546 1959 auxisse
554 1905 611 1976 ,ct
631 1888 802 1966 facultates
818 1888 860 1957 ad
878 1887 1084 1983 largiendum

126 2018 186 2088 nas
198 2019 429 2089 comparasse:
445 2020 603 2089 magnum
617 2020 792 2063 numerum
807 1996 970 2088 equitatus
985 2017 1045 2061 suo
1058 2018 1087 2062 st

126 2124 257 2195 semper
278 2100 365 2169 alere
392 2116 426 2169 et
456 2103 580 2169 circum
602 2124 636 2169 se
658 2101 805 2168 habere:
825 2125 931 2193 neque
953 2097 1060 2167 solum
1082 2128 1087 2164 ι

127 2205 185 2274 sed
206 2208 304 2274 etiam
326 2206 415 2300 apud
439 2206 593 2276 finitimas
615 2207 764 2275 civitates
782 2204 915 2300 largiter
936 2189 1075 2299 posse⁵:

125 2311 225 2404 hujus
247 2314 402 2406 potentiae
423 2336 521 2381 causa
539 2326 680 2381 matrem
703 2315 736 2380 in
758 2312 957 2441 Biturigibus
980 2310 1087 2381 homin

125 2416 328 2495 nobilissimo
346 2442 385 2487 ac
406 2419 633 2512 potentissimo
655 2403 870 2493 collocasse&
863 2420 994 2512 :ipsum
1014 2419 1087 2503 erl

126 2522 201 2591 tiis⁷
220 2548 358 2593 uxorem
387 2524 532 2593 habere:
551 2549 700 2593 sororem
729 2549 769 2591 ex
799 2538 905 2591 matre
931 2538 964 2591 et
989 2524 1087 2617 propi

95 2614 98 2628 ¹
127 2653 202 2698 suas
223 2645 365 2727 nuptum
394 2632 428 2698 in
455 2627 534 2699 alias
556 2632 704 2701 civitates
726 2628 904 2708 collocasse
919 2656 926 2705 ;
944 2630 1087 2697 faveret

126 2827 269 2897 proditoris
287 2840 313 2880 et
337 2828 484 2901 hypocrite
504 2828 636 2886 ambitiosi
680 2826 741 2891 dem
765 2828 836 2900 apud
859 2829 1010 2893 Romanos,
1032 2828 1087 2881 ab«

125 2925 265 2975 personam
274 2909 327 2977 agit
338 2909 429 2960 Liscus
437 2909 494 2961 iste.
508 2907 588 2972 Quod
598 2909 636 2960 fa·
680 2909 807 2978 equestris
820 2907 921 2961 ordinis
936 2909 999 2960 viris
1012 2926 1087 2962 exerc

125 2986 175 3038 cile
187 2988 282 3056 cuique
294 2987 407 3057 patriam
417 2986 515 3039 amanti
526 2988 635 3058 patebit.
722 2994 748 3059 4.
769 2988 817 3039 Illo
826 2988 916 3039 Ir‘cente.
927 2988 1014 3041 Liceri
1024 3000 1063 3040 est
1075 3006 1087 3058 ι

166 3064 230 3117 Οιι.
251 3067 355 3128 XVIII.
378 3085 401 3118 1.
421 3067 570 3118 lactarem
583 3085 637 3118 me·
679 3064 821 3121 deserrein
832 3067 953 3119 auctione
967 3065 1086 3119 iacienda

125 3139 200 3195 dium
211 3145 333 3215 proferri,
681 3144 822 3211 l'enclrere);
832 3145 904 3217 quod
911 3165 994 3217 quum
1001 3166 1054 3198 non
1062 3146 1087 3199 in

168 3224 319 3294 anuoerit
334 3225 453 3294 Vulgatt
473 3219 534 3283 edd.
554 3224 635 3275 eodem
679 3238 719 3278 ret
728 3223 953 3292 editorVenetus
958 3226 1025 3278 male
1033 3239 1087 3278 mut

125 3315 213 3353 secreto
231 3302 262 3353 ob
277 3304 331 3355 aliis
347 3308 433 3374 reperit
450 3323 499 3359 esse
518 3321 584 3363 auro.
600 3304 636 3355 At
679 3305 778 3356 decente.
802 3305 857 3366 On
875 3264 998 3358 Attatiien
1021 3318 1087 3359 nostr

125 3381 153 3443 in
179 3382 303 3434 omnibus
323 3381 401 3435 codd
408 3381 517 3471 legitur
535 3385 634 3453 quoerit,
680 3386 711 3436 R.
736 3385 811 3460 5764
832 3383 928 3455 aliique
947 3385 1072 3476 permulti

124 3473 152 3516 et
174 3479 249 3532 graec.
272 3460 383 3556 interpr.
401 3451 491 3521 Δλλιυς
512 3455 541 3513 dr
562 3461 634 3514 uoti
680 3464 722 3524 illo
736 3463 844 3525 debentn-
857 3475 883 3515 et
900 3465 1039 3536 genuinam
1058 3465 1087 3529 ba

124 3544 223 3610 Καῖσαρ
238 3546 320 3591 ταῦτα
334 3543 437 3609 ἐρωτῶν.
444 3538 485 3592 ld.
494 3538 572 3592 codd
579 3540 635 3592 ItR.
680 3543 779 3594 tionem
791 3561 846 3595 esse
857 3542 1025 3596 crediderim.

166 3620 191 3672 3.
213 3621 336 3671 Portoria.
348 3619 458 3690 Proprie
468 3620 581 3690 pretium
592 3618 637 3671 da·
722 3622 746 3673 5.
768 3623 881 3691 Lorgitec
890 3643 968 3693 posse.
986 3623 1053 3674 Eum
1069 3643 1087 3676 ei

124 3711 181 3751 tum
199 3698 389 3771 portitoribus,
401 3699 448 3768 qui
464 3696 497 3750 de
514 3698 635 3751 citeriore
679 3700 860 3764 tentissimum,

123 3780 182 3850 ripa
195 3780 222 3831 in
239 3777 390 3830 ulteriorem
405 3772 504 3830 merces
517 3776 634 3838 ducunt:
720 3784 746 3833 6.
770 3779 912 3840 collocasse.
924 3782 1043 3834 Verbum
1054 3783 1087 3853 ju

123 3858 151 3910 h.
165 3859 183 3910 l.
197 3857 306 3930 vectigal
320 3877 370 3930 pro
387 3857 498 3909 transitu
519 3855 636 3911 fluminis
680 3858 834 3911 tatissimum
847 3861 979 3914 Romanis.
993 3861 1087 3913 Colloco

124 3938 278 4008 impositum
292 3933 328 3999 (le
343 3937 407 3988 droit
422 3938 451 3987 de
463 3933 559 4006 po'oge).
581 3938 635 3989 No·
682 3952 744 4000 mm,
761 3957 808 3990 seu
820 3943 912 4009 nuptui.

123 4018 248 4083 tandum,
259 4018 390 4089 principes
400 4017 536 4069 Gallorum
549 4017 637 4087 publi·
722 4037 748 4087 7.
769 4018 849 4088 Ipsum
864 4038 893 4068 ez
909 4019 1024 4071 Helvetiis
1033 4040 1087 4071 uror

123 4115 249 4151 canorum
264 4118 360 4152 miurus
372 4093 530 4163 exercuisse3
541 4109 567 4149 et
578 4096 637 4167 qui·
682 4095 1046 4170 tere.sci1.orgetorig.fitiam
1061 4099 1087 4155 St
