<?xml version="1.0" encoding="UTF-8"?>
<!DOCTYPE html PUBLIC "-//W3C//DTD XHTML 1.0 Transitional//EN"
    "http://www.w3.org/TR/xhtml1/DTD/xhtml1-transitional.dtd">
<html xmlns="http://www.w3.org/1999/xhtml" xml:lang="en" lang="en">
 <head>
  <title>
</title>
<meta http-equiv="Content-Type" content="text/html;charset=utf-8" />
  <meta name='ocr-system' content='tesseract 3.04.00' />
  <meta name='ocr-capabilities' content='ocr_page ocr_carea ocr_par ocr_line ocrx_word'/>
</head>
<body>
  <div class='ocr_page' id='page_1' title='image "bibliothecaclas60lemagoog_0061.png"; bbox 0 0 2640 5280; ppageno 0'>
   <div class='ocr_carea' id='block_1_1' title="bbox 269 416 1172 511">
    <p class='ocr_par' dir='ltr' id='par_1_1' title="bbox 269 416 1172 511">
     <span class='ocr_line' id='line_1_1' title="bbox 269 416 1172 511; baseline 0.002 -24"><span class='ocrx_word' id='word_1_1' title='bbox 269 418 338 487; x_wconf 87' lang='lat' dir='ltr'><strong>DE</strong></span> <span class='ocrx_word' id='word_1_2' title='bbox 365 418 540 488; x_wconf 90' lang='lat' dir='ltr'>BELLO</span> <span class='ocrx_word' id='word_1_3' title='bbox 567 420 818 489; x_wconf 81' lang='lat' dir='ltr'><strong>GALLICO.</strong></span> <span class='ocrx_word' id='word_1_4' title='bbox 848 421 943 511; x_wconf 53' lang='grc' dir='ltr'><strong>ΙιΙΒτ</strong></span> <span class='ocrx_word' id='word_1_5' title='bbox 971 420 998 486; x_wconf 93' lang='grc' dir='ltr'><strong>Ι.</strong></span> <span class='ocrx_word' id='word_1_6' title='bbox 1126 416 1172 489; x_wconf 80' lang='lat'><strong>25</strong></span> 
     </span>
    </p>
   </div>
   <div class='ocr_carea' id='block_1_2' title="bbox 95 531 1235 3085">
    <p class='ocr_par' dir='ltr' id='par_1_2' title="bbox 129 531 1176 646">
     <span class='ocr_line' id='line_1_2' title="bbox 129 531 1176 646; baseline 0 -28"><span class='ocrx_word' id='word_1_7' title='bbox 129 531 214 643; x_wconf 77' lang='lat' dir='ltr'><strong>pere&#39;</strong></span> <span class='ocrx_word' id='word_1_8' title='bbox 237 547 395 620; x_wconf 83' lang='lat' dir='ltr'><strong>Helvetiis</strong></span> <span class='ocrx_word' id='word_1_9' title='bbox 423 566 561 646; x_wconf 88' lang='lat' dir='ltr'><strong>propter</strong></span> <span class='ocrx_word' id='word_1_10' title='bbox 587 575 660 620; x_wconf 88' lang='lat' dir='ltr'><strong>eam</strong></span> <span class='ocrx_word' id='word_1_11' title='bbox 691 551 885 621; x_wconf 84' lang='lat' dir='ltr'><strong>affinitatem</strong></span> <span class='ocrx_word' id='word_1_12' title='bbox 908 550 1047 620; x_wconf 90' lang='lat' dir='ltr'><strong>:odisse</strong></span> <span class='ocrx_word' id='word_1_13' title='bbox 1075 551 1176 619; x_wconf 85' lang='lat' dir='ltr'><strong>etiam</strong></span> 
     </span>
    </p>

    <p class='ocr_par' dir='ltr' id='par_1_3' title="bbox 128 655 1176 752">
     <span class='ocr_line' id='line_1_3' title="bbox 128 655 1176 752; baseline 0.005 -32"><span class='ocrx_word' id='word_1_14' title='bbox 128 673 174 720; x_wconf 82' lang='lat' dir='ltr'><strong>suo</strong></span> <span class='ocrx_word' id='word_1_15' title='bbox 191 657 323 724; x_wconf 87' lang='lat' dir='ltr'><strong>nomine</strong></span> <span class='ocrx_word' id='word_1_16' title='bbox 345 657 510 726; x_wconf 76' lang='lat' dir='ltr'><strong>Caesarem</strong></span> <span class='ocrx_word' id='word_1_17' title='bbox 532 672 567 726; x_wconf 89' lang='lat' dir='ltr'><strong>et</strong></span> <span class='ocrx_word' id='word_1_18' title='bbox 587 657 875 752; x_wconf 86' lang='lat' dir='ltr'><strong>Romanos‚quod</strong></span> <span class='ocrx_word' id='word_1_19' title='bbox 893 682 1009 726; x_wconf 88' lang='lat' dir='ltr'><strong>eorum</strong></span> <span class='ocrx_word' id='word_1_20' title='bbox 1031 655 1176 725; x_wconf 86' lang='lat' dir='ltr'><strong>adventu</strong></span> 
     </span>
    </p>

    <p class='ocr_par' dir='ltr' id='par_1_4' title="bbox 125 761 1178 963">
     <span class='ocr_line' id='line_1_4' title="bbox 126 761 1177 856; baseline 0 -26"><span class='ocrx_word' id='word_1_21' title='bbox 126 762 255 851; x_wconf 78' lang='lat' dir='ltr'><strong>potentia</strong></span> <span class='ocrx_word' id='word_1_22' title='bbox 271 761 343 855; x_wconf 86' lang='lat' dir='ltr'><strong>ejus</strong></span> <span class='ocrx_word' id='word_1_23' title='bbox 361 762 530 832; x_wconf 92' lang='lat' dir='ltr'><strong>deminuta</strong></span> <span class='ocrx_word' id='word_1_24' title='bbox 538 762 563 850; x_wconf 83' lang='lat'><strong>⁹,</strong></span> <span class='ocrx_word' id='word_1_25' title='bbox 580 778 614 832; x_wconf 91' lang='lat' dir='ltr'><strong>et</strong></span> <span class='ocrx_word' id='word_1_26' title='bbox 630 764 814 832; x_wconf 88' lang='lat' dir='ltr'><strong>Divitiacus</strong></span> <span class='ocrx_word' id='word_1_27' title='bbox 832 764 935 832; x_wconf 86' lang='lat' dir='ltr'><strong>frater</strong></span> <span class='ocrx_word' id='word_1_28' title='bbox 952 765 986 831; x_wconf 92' lang='lat' dir='ltr'><strong>in</strong></span> <span class='ocrx_word' id='word_1_29' title='bbox 1004 763 1177 856; x_wconf 87' lang='lat' dir='ltr'><strong>antiquum</strong></span> 
     </span>
     <span class='ocr_line' id='line_1_5' title="bbox 125 859 1178 963; baseline 0.003 -31"><span class='ocrx_word' id='word_1_30' title='bbox 125 859 217 933; x_wconf 89' lang='lat' dir='ltr'><strong>locum</strong></span> <span class='ocrx_word' id='word_1_31' title='bbox 238 869 352 962; x_wconf 79' lang='lat' dir='ltr'><strong>gratiae</strong></span> <span class='ocrx_word' id='word_1_32' title='bbox 371 883 469 962; x_wconf 88' lang='lat' dir='ltr'><strong>atque</strong></span> <span class='ocrx_word' id='word_1_33' title='bbox 489 869 625 938; x_wconf 87' lang='lat' dir='ltr'><strong>honoris</strong></span> <span class='ocrx_word' id='word_1_34' title='bbox 641 871 683 938; x_wconf 91' lang='lat' dir='ltr'><strong>sit</strong></span> <span class='ocrx_word' id='word_1_35' title='bbox 702 871 881 939; x_wconf 84' lang='lat' dir='ltr'><strong>restitutus.</strong></span> <span class='ocrx_word' id='word_1_36' title='bbox 903 871 937 938; x_wconf 90' lang='lat' dir='ltr'><strong>Si</strong></span> <span class='ocrx_word' id='word_1_37' title='bbox 956 868 1036 963; x_wconf 90' lang='lat' dir='ltr'><strong>quid</strong></span> <span class='ocrx_word' id='word_1_38' title='bbox 1050 867 1178 943; x_wconf 86' lang='lat' dir='ltr'><strong>accidat</strong></span> 
     </span>
    </p>

    <p class='ocr_par' dir='ltr' id='par_1_5' title="bbox 126 968 1178 1070">
     <span class='ocr_line' id='line_1_6' title="bbox 126 968 1178 1070; baseline -0.002 -28"><span class='ocrx_word' id='word_1_39' title='bbox 126 968 285 1060; x_wconf 40' lang='lat' dir='ltr'><strong>Romamn</strong></span> <span class='ocrx_word' id='word_1_40' title='bbox 298 998 462 1042; x_wconf 91' lang='lat' dir='ltr'><strong>summam</strong></span> <span class='ocrx_word' id='word_1_41' title='bbox 480 976 514 1042; x_wconf 92' lang='lat' dir='ltr'><strong>in</strong></span> <span class='ocrx_word' id='word_1_42' title='bbox 532 1000 625 1069; x_wconf 88' lang='lat' dir='ltr'><strong>spem</strong></span> <span class='ocrx_word' id='word_1_43' title='bbox 643 977 736 1070; x_wconf 83' lang='lat' dir='ltr'><strong>regni</strong></span> <span class='ocrx_word' id='word_1_44' title='bbox 752 1001 812 1069; x_wconf 89' lang='lat' dir='ltr'><strong>per</strong></span> <span class='ocrx_word' id='word_1_45' title='bbox 823 975 991 1044; x_wconf 86' lang='lat' dir='ltr'><strong>Helvetios</strong></span> <span class='ocrx_word' id='word_1_46' title='bbox 1007 973 1178 1044; x_wconf 87' lang='lat' dir='ltr'><strong>obtinendi</strong></span> 
     </span>
    </p>

    <p class='ocr_par' dir='ltr' id='par_1_6' title="bbox 127 1078 1177 1175">
     <span class='ocr_line' id='line_1_7' title="bbox 127 1078 1177 1175; baseline 0.002 -29"><span class='ocrx_word' id='word_1_47' title='bbox 127 1078 242 1167; x_wconf 79' lang='lat' dir='ltr'><strong>venire3</strong></span> <span class='ocrx_word' id='word_1_48' title='bbox 265 1080 406 1174; x_wconf 88' lang='lat' dir='ltr'><strong>imperio</strong></span> <span class='ocrx_word' id='word_1_49' title='bbox 433 1079 548 1175; x_wconf 89' lang='lat' dir='ltr'><strong>populi</strong></span> <span class='ocrx_word' id='word_1_50' title='bbox 575 1083 703 1153; x_wconf 89' lang='lat' dir='ltr'><strong>romani</strong></span> <span class='ocrx_word' id='word_1_51' title='bbox 717 1079 742 1105; x_wconf 81' lang='lat'><strong>¹⁰</strong></span> <span class='ocrx_word' id='word_1_52' title='bbox 764 1106 833 1150; x_wconf 94' lang='lat' dir='ltr'><strong>non</strong></span> <span class='ocrx_word' id='word_1_53' title='bbox 860 1081 960 1150; x_wconf 90' lang='lat' dir='ltr'><strong>modo</strong></span> <span class='ocrx_word' id='word_1_54' title='bbox 985 1080 1026 1149; x_wconf 92' lang='lat' dir='ltr'><strong>de</strong></span> <span class='ocrx_word' id='word_1_55' title='bbox 1054 1105 1177 1174; x_wconf 85' lang='lat' dir='ltr'><strong>regno,</strong></span> 
     </span>
    </p>

    <p class='ocr_par' dir='ltr' id='par_1_7' title="bbox 128 1181 1176 1282">
     <span class='ocr_line' id='line_1_8' title="bbox 128 1181 1176 1282; baseline 0.003 -32"><span class='ocrx_word' id='word_1_56' title='bbox 128 1181 170 1250; x_wconf 84' lang='lat' dir='ltr'><strong>sed</strong></span> <span class='ocrx_word' id='word_1_57' title='bbox 193 1184 293 1253; x_wconf 85' lang='lat' dir='ltr'><strong>etiam</strong></span> <span class='ocrx_word' id='word_1_58' title='bbox 318 1184 360 1254; x_wconf 92' lang='lat' dir='ltr'><strong>de</strong></span> <span class='ocrx_word' id='word_1_59' title='bbox 384 1210 443 1273; x_wconf 92' lang='lat' dir='ltr'><strong>ea,</strong></span> <span class='ocrx_word' id='word_1_60' title='bbox 457 1211 556 1280; x_wconf 89' lang='lat' dir='ltr'><strong>quam</strong></span> <span class='ocrx_word' id='word_1_61' title='bbox 579 1187 718 1274; x_wconf 83' lang='lat' dir='ltr'><strong>habeat,</strong></span> <span class='ocrx_word' id='word_1_62' title='bbox 732 1189 837 1281; x_wconf 85' lang='lat' dir='ltr'><strong>gratia</strong></span> <span class='ocrx_word' id='word_1_63' title='bbox 860 1187 1044 1282; x_wconf 82' lang='lat' dir='ltr'><strong>desperare.</strong></span> <span class='ocrx_word' id='word_1_64' title='bbox 1067 1202 1084 1238; x_wconf 75' lang='lat'><strong>&gt;³</strong></span> <span class='ocrx_word' id='word_1_65' title='bbox 1112 1188 1176 1254; x_wconf 89' lang='lat' dir='ltr'><strong>Re-</strong></span> 
     </span>
    </p>

    <p class='ocr_par' dir='ltr' id='par_1_8' title="bbox 95 1284 1181 1909">
     <span class='ocr_line' id='line_1_9' title="bbox 95 1284 1177 1388; baseline -0.001 -28"><span class='ocrx_word' id='word_1_66' title='bbox 95 1284 97 1301; x_wconf 84' lang='lat'>&#39;</span> <span class='ocrx_word' id='word_1_67' title='bbox 130 1289 256 1380; x_wconf 74' lang='lat' dir='ltr'><strong>puiebat</strong></span> <span class='ocrx_word' id='word_1_68' title='bbox 287 1292 387 1360; x_wconf 87' lang='lat' dir='ltr'><strong>etiarn</strong></span> <span class='ocrx_word' id='word_1_69' title='bbox 417 1294 451 1360; x_wconf 94' lang='lat' dir='ltr'><strong>in</strong></span> <span class='ocrx_word' id='word_1_70' title='bbox 479 1293 655 1386; x_wconf 68' lang='lat' dir='ltr'><strong>quaerendo</strong></span> <span class='ocrx_word' id='word_1_71' title='bbox 672 1290 694 1319; x_wconf 75' lang='lat'><strong>‘¹</strong></span> <span class='ocrx_word' id='word_1_72' title='bbox 719 1295 850 1380; x_wconf 71' lang='lat' dir='ltr'><strong>Caesar,</strong></span> <span class='ocrx_word' id='word_1_73' title='bbox 869 1322 887 1358; x_wconf 76' lang='lat' dir='ltr'><strong>n</strong></span> <span class='ocrx_word' id='word_1_74' title='bbox 914 1293 1004 1388; x_wconf 87' lang='lat' dir='ltr'><strong>quod</strong></span> <span class='ocrx_word' id='word_1_75' title='bbox 1028 1291 1177 1388; x_wconf 82' lang='lat' dir='ltr'><strong>praelium</strong></span> 
     </span>
     <span class='ocr_line' id='line_1_10' title="bbox 132 1393 1179 1493; baseline 0.001 -28"><span class='ocrx_word' id='word_1_76' title='bbox 132 1409 259 1487; x_wconf 68' lang='lat' dir='ltr'><strong>queue</strong></span> <span class='ocrx_word' id='word_1_77' title='bbox 275 1393 298 1421; x_wconf 89' lang='lat'><strong>¹²</strong></span> <span class='ocrx_word' id='word_1_78' title='bbox 323 1396 499 1467; x_wconf 85' lang='lat' dir='ltr'><strong>adversum</strong></span> <span class='ocrx_word' id='word_1_79' title='bbox 530 1401 644 1493; x_wconf 89' lang='lat' dir='ltr'><strong>paucis</strong></span> <span class='ocrx_word' id='word_1_80' title='bbox 671 1413 747 1467; x_wconf 89' lang='lat' dir='ltr'><strong>ante</strong></span> <span class='ocrx_word' id='word_1_81' title='bbox 774 1398 889 1468; x_wconf 86' lang='lat' dir='ltr'><strong>dicbus</strong></span> <span class='ocrx_word' id='word_1_82' title='bbox 919 1414 1006 1470; x_wconf 87' lang='lat' dir='ltr'><strong>esset</strong></span> <span class='ocrx_word' id='word_1_83' title='bbox 1034 1398 1179 1484; x_wconf 79' lang='lat' dir='ltr'><strong>iactum,</strong></span> 
     </span>
     <span class='ocr_line' id='line_1_11' title="bbox 134 1499 1178 1600; baseline 0.004 -32"><span class='ocrx_word' id='word_1_84' title='bbox 134 1499 237 1569; x_wconf 85' lang='lat' dir='ltr'><strong>initium</strong></span> <span class='ocrx_word' id='word_1_85' title='bbox 258 1502 331 1596; x_wconf 88' lang='lat' dir='ltr'><strong>ejus</strong></span> <span class='ocrx_word' id='word_1_86' title='bbox 350 1502 437 1599; x_wconf 71' lang='lat' dir='ltr'><strong>fugae</strong></span> <span class='ocrx_word' id='word_1_87' title='bbox 460 1504 583 1574; x_wconf 84' lang='lat' dir='ltr'><strong>factum</strong></span> <span class='ocrx_word' id='word_1_88' title='bbox 605 1530 625 1573; x_wconf 92' lang='lat' dir='ltr'><strong>a</strong></span> <span class='ocrx_word' id='word_1_89' title='bbox 646 1507 854 1600; x_wconf 83' lang='lat' dir='ltr'><strong>Dumnorige</strong></span> <span class='ocrx_word' id='word_1_90' title='bbox 873 1520 972 1599; x_wconf 87' lang='lat' dir='ltr'><strong>atquc</strong></span> <span class='ocrx_word' id='word_1_91' title='bbox 991 1505 1061 1597; x_wconf 91' lang='lat' dir='ltr'><strong>ejus</strong></span> <span class='ocrx_word' id='word_1_92' title='bbox 1089 1506 1178 1598; x_wconf 88' lang='lat' dir='ltr'><strong>equi·</strong></span> 
     </span>
     <span class='ocr_line' id='line_1_12' title="bbox 136 1598 1180 1705; baseline 0.002 -30"><span class='ocrx_word' id='word_1_93' title='bbox 136 1603 199 1675; x_wconf 81' lang='lat' dir='ltr'><strong>tibus</strong></span> <span class='ocrx_word' id='word_1_94' title='bbox 213 1598 317 1695; x_wconf 90' lang='lat' dir='ltr'><strong>(nam</strong></span> <span class='ocrx_word' id='word_1_95' title='bbox 331 1613 495 1704; x_wconf 87' lang='lat' dir='ltr'><strong>equitatu,</strong></span> <span class='ocrx_word' id='word_1_96' title='bbox 508 1636 606 1705; x_wconf 92' lang='lat' dir='ltr'><strong>quem</strong></span> <span class='ocrx_word' id='word_1_97' title='bbox 624 1610 745 1681; x_wconf 85' lang='lat' dir='ltr'><strong>auxilio</strong></span> <span class='ocrx_word' id='word_1_98' title='bbox 760 1612 883 1679; x_wconf 83' lang='lat' dir='ltr'><strong>Caesari</strong></span> <span class='ocrx_word' id='word_1_99' title='bbox 897 1611 994 1679; x_wconf 85' lang='lat' dir='ltr'><strong>AEdui</strong></span> <span class='ocrx_word' id='word_1_100' title='bbox 1008 1612 1180 1696; x_wconf 80' lang='lat' dir='ltr'>miserant,</span> 
     </span>
     <span class='ocr_line' id='line_1_13' title="bbox 137 1710 1181 1812; baseline -0.001 -29"><span class='ocrx_word' id='word_1_101' title='bbox 137 1710 299 1783; x_wconf 77' lang='lat' dir='ltr'><strong>Dumnorix</strong></span> <span class='ocrx_word' id='word_1_102' title='bbox 316 1716 494 1810; x_wconf 74' lang='lat' dir='ltr'><strong>preerat),</strong></span> <span class='ocrx_word' id='word_1_103' title='bbox 507 1741 623 1786; x_wconf 90' lang='lat' dir='ltr'><strong>corum</strong></span> <span class='ocrx_word' id='word_1_104' title='bbox 644 1717 722 1812; x_wconf 83' lang='lat' dir='ltr'><strong>fuga</strong></span> <span class='ocrx_word' id='word_1_105' title='bbox 741 1715 902 1811; x_wconf 88' lang='lat' dir='ltr'><strong>reliquum</strong></span> <span class='ocrx_word' id='word_1_106' title='bbox 915 1741 986 1786; x_wconf 89' lang='lat' dir='ltr'><strong>esse</strong></span> <span class='ocrx_word' id='word_1_107' title='bbox 998 1717 1181 1809; x_wconf 77' lang='lat' dir='ltr'><strong>equitatum</strong></span> 
     </span>
     <span class='ocr_line' id='line_1_14' title="bbox 139 1822 374 1909; baseline 0 -19"><span class='ocrx_word' id='word_1_108' title='bbox 139 1822 374 1909; x_wconf 76' lang='lat' dir='ltr'><strong>perterritum.»</strong></span> 
     </span>
    </p>

    <p class='ocr_par' dir='ltr' id='par_1_9' title="bbox 110 1920 1235 3085">
     <span class='ocr_line' id='line_1_15' title="bbox 110 1920 1235 2024; baseline 0 -29"><span class='ocrx_word' id='word_1_109' title='bbox 110 1934 113 1939; x_wconf 88' lang='grc'><strong>’</strong></span> <span class='ocrx_word' id='word_1_110' title='bbox 147 1926 257 1995; x_wconf 67' lang='lat' dir='ltr'><strong>alx.</strong></span> <span class='ocrx_word' id='word_1_111' title='bbox 281 1927 413 2018; x_wconf 85' lang='lat' dir='ltr'><strong>Quibus</strong></span> <span class='ocrx_word' id='word_1_112' title='bbox 429 1928 528 1997; x_wconf 88' lang='lat' dir='ltr'><strong>rebus</strong></span> <span class='ocrx_word' id='word_1_113' title='bbox 550 1930 707 2024; x_wconf 82' lang='lat' dir='ltr'><strong>cognitis,</strong></span> <span class='ocrx_word' id='word_1_114' title='bbox 722 1954 824 2022; x_wconf 92' lang='lat' dir='ltr'><strong>quum</strong></span> <span class='ocrx_word' id='word_1_115' title='bbox 847 1929 889 1997; x_wconf 94' lang='lat' dir='ltr'><strong>ad</strong></span> <span class='ocrx_word' id='word_1_116' title='bbox 904 1929 964 1999; x_wconf 90' lang='lat' dir='ltr'><strong>has</strong></span> <span class='ocrx_word' id='word_1_117' title='bbox 979 1929 1181 2022; x_wconf 82' lang='lat' dir='ltr'><strong>suspiciones</strong></span> <span class='ocrx_word' id='word_1_118' title='bbox 1232 1920 1235 1935; x_wconf 84' lang='lat'>&#39;</span> 
     </span>
     <span class='ocr_line' id='line_1_16' title="bbox 141 2031 1180 2129; baseline 0.002 -27"><span class='ocrx_word' id='word_1_119' title='bbox 141 2031 302 2103; x_wconf 72' lang='lat' dir='ltr'><strong>monime</strong></span> <span class='ocrx_word' id='word_1_120' title='bbox 330 2058 383 2102; x_wconf 82' lang='lat' dir='ltr'><strong>res</strong></span> <span class='ocrx_word' id='word_1_121' title='bbox 411 2033 624 2122; x_wconf 85' lang='lat' dir='ltr'>accederent,</span> <span class='ocrx_word' id='word_1_122' title='bbox 638 2035 728 2129; x_wconf 93' lang='lat' dir='ltr'><strong>quod</strong></span> <span class='ocrx_word' id='word_1_123' title='bbox 756 2061 816 2129; x_wconf 86' lang='lat' dir='ltr'><strong>per</strong></span> <span class='ocrx_word' id='word_1_124' title='bbox 844 2034 926 2104; x_wconf 86' lang='lat' dir='ltr'><strong>fines</strong></span> <span class='ocrx_word' id='word_1_125' title='bbox 952 2036 1180 2129; x_wconf 83' lang='lat' dir='ltr'><strong>Sequanorum</strong></span> 
     </span>
     <span class='ocr_line' id='line_1_17' title="bbox 142 2134 1181 2235; baseline 0.003 -31"><span class='ocrx_word' id='word_1_126' title='bbox 142 2134 282 2209; x_wconf 77' lang='lat' dir='ltr'><strong>Helvetios</strong></span> <span class='ocrx_word' id='word_1_127' title='bbox 310 2139 508 2210; x_wconf 79' lang='lat' dir='ltr'><strong>traduxisset</strong></span> <span class='ocrx_word' id='word_1_128' title='bbox 529 2139 557 2228; x_wconf 86' lang='lat'><strong>¹,</strong></span> <span class='ocrx_word' id='word_1_129' title='bbox 576 2141 665 2235; x_wconf 94' lang='lat' dir='ltr'><strong>quod</strong></span> <span class='ocrx_word' id='word_1_130' title='bbox 693 2142 823 2211; x_wconf 87' lang='lat' dir='ltr'><strong>obsides</strong></span> <span class='ocrx_word' id='word_1_131' title='bbox 853 2144 939 2210; x_wconf 88' lang='lat' dir='ltr'><strong>inter</strong></span> <span class='ocrx_word' id='word_1_132' title='bbox 970 2166 1027 2210; x_wconf 87' lang='lat' dir='ltr'><strong>eos</strong></span> <span class='ocrx_word' id='word_1_133' title='bbox 1054 2140 1181 2208; x_wconf 87' lang='lat' dir='ltr'><strong>dandos</strong></span> 
     </span>
     <span class='ocr_line' id='line_1_18' title="bbox 142 2245 1180 2341; baseline 0 -28"><span class='ocrx_word' id='word_1_134' title='bbox 142 2259 277 2332; x_wconf 78' lang='lat' dir='ltr'><strong>orasset,</strong></span> <span class='ocrx_word' id='word_1_135' title='bbox 290 2245 381 2339; x_wconf 87' lang='lat' dir='ltr'><strong>quod</strong></span> <span class='ocrx_word' id='word_1_136' title='bbox 402 2270 442 2315; x_wconf 89' lang='lat' dir='ltr'><strong>ea</strong></span> <span class='ocrx_word' id='word_1_137' title='bbox 462 2249 573 2316; x_wconf 91' lang='lat' dir='ltr'><strong>omnia</strong></span> <span class='ocrx_word' id='word_1_138' title='bbox 593 2273 661 2317; x_wconf 92' lang='lat' dir='ltr'><strong>non</strong></span> <span class='ocrx_word' id='word_1_139' title='bbox 682 2248 783 2317; x_wconf 93' lang='lat' dir='ltr'><strong>modo</strong></span> <span class='ocrx_word' id='word_1_140' title='bbox 805 2248 930 2341; x_wconf 92' lang='lat' dir='ltr'><strong>injussu</strong></span> <span class='ocrx_word' id='word_1_141' title='bbox 948 2245 1032 2316; x_wconf 87' lang='lat' dir='ltr'><strong>suo&#39;</strong></span> <span class='ocrx_word' id='word_1_142' title='bbox 1052 2261 1085 2315; x_wconf 88' lang='lat' dir='ltr'><strong>et</strong></span> <span class='ocrx_word' id='word_1_143' title='bbox 1101 2248 1180 2316; x_wconf 87' lang='lat' dir='ltr'><strong>civi·</strong></span> 
     </span>
     <span class='ocr_line' id='line_1_19' title="bbox 143 2339 1181 2449; baseline 0.002 -31"><span class='ocrx_word' id='word_1_144' title='bbox 143 2348 279 2435; x_wconf 54' lang='lat' dir='ltr'><strong>turned</strong></span> <span class='ocrx_word' id='word_1_145' title='bbox 307 2353 407 2421; x_wconf 87' lang='lat' dir='ltr'><strong>etiam</strong></span> <span class='ocrx_word' id='word_1_146' title='bbox 434 2353 647 2423; x_wconf 88' lang='lat' dir='ltr'><strong>inscientibus</strong></span> <span class='ocrx_word' id='word_1_147' title='bbox 675 2339 776 2449; x_wconf 79' lang='lat' dir='ltr'><strong>ipsis³</strong></span> <span class='ocrx_word' id='word_1_148' title='bbox 791 2354 938 2441; x_wconf 79' lang='lat' dir='ltr'><strong>fecisset,</strong></span> <span class='ocrx_word' id='word_1_149' title='bbox 954 2353 1084 2449; x_wconf 90' lang='lat' dir='ltr'><strong>quoda</strong></span> <span class='ocrx_word' id='word_1_150' title='bbox 1112 2376 1181 2421; x_wconf 88' lang='lat' dir='ltr'><strong>ma·</strong></span> 
     </span>
     <span class='ocr_line' id='line_1_20' title="bbox 143 2451 1181 2543; baseline 0 -16"><span class='ocrx_word' id='word_1_151' title='bbox 143 2451 254 2543; x_wconf 53' lang='lat' dir='ltr'><strong>§rnatu</strong></span> <span class='ocrx_word' id='word_1_152' title='bbox 273 2456 458 2543; x_wconf 79' lang='lat' dir='ltr'><strong>AEduorum</strong></span> <span class='ocrx_word' id='word_1_153' title='bbox 479 2475 709 2529; x_wconf 83' lang='lat' dir='ltr'><strong>accusaretur:</strong></span> <span class='ocrx_word' id='word_1_154' title='bbox 726 2462 803 2529; x_wconf 91' lang='lat' dir='ltr'><strong>satis</strong></span> <span class='ocrx_word' id='word_1_155' title='bbox 824 2485 895 2530; x_wconf 88' lang='lat' dir='ltr'><strong>esse</strong></span> <span class='ocrx_word' id='word_1_156' title='bbox 916 2484 1022 2530; x_wconf 84' lang='lat' dir='ltr'><strong>causae</strong></span> <span class='ocrx_word' id='word_1_157' title='bbox 1043 2459 1181 2528; x_wconf 87' lang='lat' dir='ltr'><strong>arbitra-</strong></span> 
     </span>
     <span class='ocr_line' id='line_1_21' title="bbox 143 2553 1181 2662; baseline 0 -28"><span class='ocrx_word' id='word_1_158' title='bbox 143 2553 227 2651; x_wconf 60' lang='grc' dir='ltr'><strong>ΜΝ,</strong></span> <span class='ocrx_word' id='word_1_159' title='bbox 241 2587 344 2658; x_wconf 88' lang='lat' dir='ltr'><strong>quare</strong></span> <span class='ocrx_word' id='word_1_160' title='bbox 365 2566 400 2632; x_wconf 92' lang='lat' dir='ltr'><strong>in</strong></span> <span class='ocrx_word' id='word_1_161' title='bbox 417 2589 493 2634; x_wconf 89' lang='lat' dir='ltr'><strong>eum</strong></span> <span class='ocrx_word' id='word_1_162' title='bbox 516 2581 573 2633; x_wconf 90' lang='lat' dir='ltr'><strong>aut</strong></span> <span class='ocrx_word' id='word_1_163' title='bbox 593 2569 662 2662; x_wconf 90' lang='lat' dir='ltr'><strong>ipse</strong></span> <span class='ocrx_word' id='word_1_164' title='bbox 687 2567 981 2653; x_wconf 86' lang='lat' dir='ltr'><strong>animadverteret,</strong></span> <span class='ocrx_word' id='word_1_165' title='bbox 996 2579 1054 2634; x_wconf 88' lang='lat' dir='ltr'><strong>aut</strong></span> <span class='ocrx_word' id='word_1_166' title='bbox 1068 2567 1181 2634; x_wconf 87' lang='lat' dir='ltr'><strong>civita-</strong></span> 
     </span>
     <span class='ocr_line' id='line_1_22' title="bbox 143 2670 1182 2764; baseline 0.004 -31"><span class='ocrx_word' id='word_1_167' title='bbox 143 2674 190 2733; x_wconf 74' lang='lat' dir='ltr'><strong>tem</strong></span> <span class='ocrx_word' id='word_1_168' title='bbox 206 2670 466 2741; x_wconf 83' lang='lat' dir='ltr'><strong>animadvertere</strong></span> <span class='ocrx_word' id='word_1_169' title='bbox 482 2670 622 2764; x_wconf 86' lang='lat' dir='ltr'><strong>juberet.</strong></span> <span class='ocrx_word' id='word_1_170' title='bbox 644 2673 703 2739; x_wconf 92' lang='lat' dir='ltr'><strong>His</strong></span> <span class='ocrx_word' id='word_1_171' title='bbox 725 2672 878 2740; x_wconf 90' lang='lat' dir='ltr'><strong>omnibus</strong></span> <span class='ocrx_word' id='word_1_172' title='bbox 894 2672 992 2738; x_wconf 90' lang='lat' dir='ltr'><strong>rcbus</strong></span> <span class='ocrx_word' id='word_1_173' title='bbox 1010 2697 1113 2737; x_wconf 92' lang='lat' dir='ltr'><strong>unum</strong></span> <span class='ocrx_word' id='word_1_174' title='bbox 1132 2696 1182 2737; x_wconf 90' lang='lat' dir='ltr'><strong>rc·</strong></span> 
     </span>
     <span class='ocr_line' id='line_1_23' title="bbox 142 2773 1183 2870; baseline -0.004 -25"><span class='ocrx_word' id='word_1_175' title='bbox 142 2773 307 2865; x_wconf 38' lang='lat' dir='ltr'><strong>penebat,</strong></span> <span class='ocrx_word' id='word_1_176' title='bbox 327 2776 417 2870; x_wconf 92' lang='lat' dir='ltr'><strong>quod</strong></span> <span class='ocrx_word' id='word_1_177' title='bbox 444 2778 600 2846; x_wconf 86' lang='lat' dir='ltr'><strong>Divitiaci</strong></span> <span class='ocrx_word' id='word_1_178' title='bbox 628 2776 738 2845; x_wconf 86' lang='lat' dir='ltr'><strong>fratris</strong></span> <span class='ocrx_word' id='word_1_179' title='bbox 766 2800 932 2845; x_wconf 91' lang='lat' dir='ltr'><strong>summum</strong></span> <span class='ocrx_word' id='word_1_180' title='bbox 961 2777 994 2842; x_wconf 93' lang='lat' dir='ltr'><strong>in</strong></span> <span class='ocrx_word' id='word_1_181' title='bbox 1022 2774 1183 2870; x_wconf 90' lang='lat' dir='ltr'><strong>populum</strong></span> 
     </span>
     <span class='ocr_line' id='line_1_24' title="bbox 143 2869 1183 2975; baseline -0.003 -25"><span class='ocrx_word' id='word_1_182' title='bbox 143 2898 290 2951; x_wconf 68' lang='lat' dir='ltr'><strong>sumnum</strong></span> <span class='ocrx_word' id='word_1_183' title='bbox 317 2882 482 2970; x_wconf 90' lang='lat' dir='ltr'><strong>studium,</strong></span> <span class='ocrx_word' id='word_1_184' title='bbox 504 2908 667 2953; x_wconf 90' lang='lat' dir='ltr'><strong>summam</strong></span> <span class='ocrx_word' id='word_1_185' title='bbox 696 2885 729 2951; x_wconf 93' lang='lat' dir='ltr'><strong>in</strong></span> <span class='ocrx_word' id='word_1_186' title='bbox 757 2907 792 2951; x_wconf 90' lang='lat' dir='ltr'><strong>se</strong></span> <span class='ocrx_word' id='word_1_187' title='bbox 820 2880 1025 2950; x_wconf 88' lang='lat' dir='ltr'><strong>voluntatem</strong></span> <span class='ocrx_word' id='word_1_188' title='bbox 1042 2869 1066 2968; x_wconf 71' lang='lat'><strong>⁴,</strong></span> <span class='ocrx_word' id='word_1_189' title='bbox 1091 2905 1183 2975; x_wconf 84' lang='lat' dir='ltr'><strong>egre·</strong></span> 
     </span>
     <span class='ocr_line' id='line_1_25' title="bbox 144 2982 1185 3085; baseline -0.003 -28"><span class='ocrx_word' id='word_1_190' title='bbox 144 2982 208 3071; x_wconf 66' lang='lat' dir='ltr'><strong>giam</strong></span> <span class='ocrx_word' id='word_1_191' title='bbox 232 2986 352 3077; x_wconf 86' lang='lat' dir='ltr'><strong>fidem,</strong></span> <span class='ocrx_word' id='word_1_192' title='bbox 363 2989 542 3082; x_wconf 86' lang='lat' dir='ltr'><strong>justitiam,</strong></span> <span class='ocrx_word' id='word_1_193' title='bbox 558 2992 809 3085; x_wconf 86' lang='lat' dir='ltr'><strong>temperantiam</strong></span> <span class='ocrx_word' id='word_1_194' title='bbox 838 3002 1068 3082; x_wconf 83' lang='lat' dir='ltr'><strong>cognoverat:</strong></span> <span class='ocrx_word' id='word_1_195' title='bbox 1088 3010 1185 3073; x_wconf 81' lang='lat' dir='ltr'><strong>narn,</strong></span> 
     </span>
    </p>
   </div>
   <div class='ocr_carea' id='block_1_3' title="bbox 144 3182 1243 4213">
    <p class='ocr_par' dir='ltr' id='par_1_10' title="bbox 144 3182 1243 3578">
     <span class='ocr_line' id='line_1_26' title="bbox 172 3182 1186 3259; baseline 0 -19"><span class='ocrx_word' id='word_1_196' title='bbox 172 3182 192 3235; x_wconf 68' lang='lat'><strong>⁸·</strong></span> <span class='ocrx_word' id='word_1_197' title='bbox 209 3184 387 3259; x_wconf 62' lang='lat' dir='ltr'><strong>qumBene</strong></span> <span class='ocrx_word' id='word_1_198' title='bbox 393 3186 474 3255; x_wconf 82' lang='lat' dir='ltr'><strong>velle,</strong></span> <span class='ocrx_word' id='word_1_199' title='bbox 484 3190 574 3253; x_wconf 66' lang='lat' dir='ltr'><strong>torn,</strong></span> <span class='ocrx_word' id='word_1_200' title='bbox 584 3208 630 3241; x_wconf 85' lang='lat' dir='ltr'><strong>vo·</strong></span> <span class='ocrx_word' id='word_1_201' title='bbox 718 3206 761 3240; x_wconf 79' lang='lat' dir='ltr'><strong>ra.</strong></span> <span class='ocrx_word' id='word_1_202' title='bbox 777 3187 891 3239; x_wconf 83' lang='lat' dir='ltr'><strong>Proelium</strong></span> <span class='ocrx_word' id='word_1_203' title='bbox 902 3198 1020 3259; x_wconf 81' lang='lat' dir='ltr'><strong>equestre,</strong></span> <span class='ocrx_word' id='word_1_204' title='bbox 1031 3200 1077 3240; x_wconf 82' lang='lat' dir='ltr'><strong>etc.</strong></span> <span class='ocrx_word' id='word_1_205' title='bbox 1089 3186 1186 3240; x_wconf 78' lang='lat' dir='ltr'><strong>Sensus</strong></span> 
     </span>
     <span class='ocr_line' id='line_1_27' title="bbox 144 3252 1186 3347; baseline 0.003 -30"><span class='ocrx_word' id='word_1_206' title='bbox 144 3252 208 3317; x_wconf 64' lang='lat' dir='ltr'><strong>hm</strong></span> <span class='ocrx_word' id='word_1_207' title='bbox 220 3284 269 3338; x_wconf 76' lang='lat' dir='ltr'><strong>pro</strong></span> <span class='ocrx_word' id='word_1_208' title='bbox 286 3267 479 3321; x_wconf 79' lang='lat' dir='ltr'><strong>benevolentia.</strong></span> <span class='ocrx_word' id='word_1_209' title='bbox 503 3267 631 3322; x_wconf 81' lang='lat' dir='ltr'><strong>Hellenis-</strong></span> <span class='ocrx_word' id='word_1_210' title='bbox 675 3279 727 3321; x_wconf 81' lang='lat' dir='ltr'><strong>est:</strong></span> <span class='ocrx_word' id='word_1_211' title='bbox 740 3265 813 3347; x_wconf 78' lang='lat' dir='ltr'><strong>quod</strong></span> <span class='ocrx_word' id='word_1_212' title='bbox 824 3267 852 3319; x_wconf 91' lang='lat' dir='ltr'><strong>in</strong></span> <span class='ocrx_word' id='word_1_213' title='bbox 864 3266 956 3338; x_wconf 74' lang='lat' dir='ltr'><strong>prelio</strong></span> <span class='ocrx_word' id='word_1_214' title='bbox 965 3267 1081 3338; x_wconf 80' lang='lat' dir='ltr'><strong>equestri</strong></span> <span class='ocrx_word' id='word_1_215' title='bbox 1091 3264 1186 3320; x_wconf 84' lang='lat' dir='ltr'><strong>adver·</strong></span> 
     </span>
     <span class='ocr_line' id='line_1_28' title="bbox 147 3345 1187 3419; baseline 0.004 -22"><span class='ocrx_word' id='word_1_216' title='bbox 147 3353 232 3409; x_wconf 59' lang='lat' dir='ltr'><strong>Qut</strong></span> <span class='ocrx_word' id='word_1_217' title='bbox 242 3345 394 3399; x_wconf 77' lang='lat' dir='ltr'><strong>observavit</strong></span> <span class='ocrx_word' id='word_1_218' title='bbox 407 3346 441 3400; x_wconf 85' lang='lat' dir='ltr'><strong>N.</strong></span> <span class='ocrx_word' id='word_1_219' title='bbox 456 3347 585 3419; x_wconf 68' lang='lat' dir='ltr'><strong>Rigaltius</strong></span> <span class='ocrx_word' id='word_1_220' title='bbox 597 3345 631 3400; x_wconf 82' lang='lat' dir='ltr'><strong>ad</strong></span> <span class='ocrx_word' id='word_1_221' title='bbox 676 3346 947 3412; x_wconf 80' lang='lat' dir='ltr'><strong>so....sacto‚initium</strong></span> <span class='ocrx_word' id='word_1_222' title='bbox 957 3347 1038 3418; x_wconf 70' lang='lat' dir='ltr'><strong>fuge,</strong></span> <span class='ocrx_word' id='word_1_223' title='bbox 1048 3359 1097 3400; x_wconf 83' lang='lat' dir='ltr'><strong>etrn</strong></span> <span class='ocrx_word' id='word_1_224' title='bbox 1111 3346 1187 3419; x_wconf 89' lang='lat' dir='ltr'><strong>Opti·</strong></span> 
     </span>
     <span class='ocr_line' id='line_1_29' title="bbox 147 3412 1155 3502; baseline 0 -24"><span class='ocrx_word' id='word_1_225' title='bbox 147 3412 533 3494; x_wconf 69' lang='lat' dir='ltr'><strong>¹&#39;mura&#39;i1¹&#39;elicis0ctariu1mubi</strong></span> <span class='ocrx_word' id='word_1_226' title='bbox 540 3424 632 3481; x_wconf 78' lang='lat' dir='ltr'><strong>eadem</strong></span> <span class='ocrx_word' id='word_1_227' title='bbox 676 3445 719 3480; x_wconf 87' lang='lat' dir='ltr'><strong>me</strong></span> <span class='ocrx_word' id='word_1_228' title='bbox 732 3445 807 3502; x_wconf 68' lang='lat' dir='ltr'><strong>grec.</strong></span> <span class='ocrx_word' id='word_1_229' title='bbox 821 3428 844 3479; x_wconf 74' lang='lat' dir='ltr'><strong>ir</strong></span> <span class='ocrx_word' id='word_1_230' title='bbox 859 3433 891 3496; x_wconf 79' lang='grc' dir='ltr'><strong>τῇ</strong></span> <span class='ocrx_word' id='word_1_231' title='bbox 904 3428 1067 3498; x_wconf 50' lang='lat' dir='ltr'><strong>myrsinitis]</strong></span> <span class='ocrx_word' id='word_1_232' title='bbox 1079 3427 1155 3497; x_wconf 65' lang='grc' dir='ltr'>ἥττᾳ.</span> 
     </span>
     <span class='ocr_line' id='line_1_30' title="bbox 148 3500 1243 3578; baseline 0.001 -21"><span class='ocrx_word' id='word_1_233' title='bbox 148 3502 234 3557; x_wconf 61' lang='lat' dir='ltr'><strong>wmit</strong></span> <span class='ocrx_word' id='word_1_234' title='bbox 246 3504 357 3558; x_wconf 84' lang='lat' dir='ltr'><strong>locutio.</strong></span> <span class='ocrx_word' id='word_1_235' title='bbox 372 3505 439 3559; x_wconf 75' lang='lat' dir='ltr'><strong>Dav.</strong></span> <span class='ocrx_word' id='word_1_236' title='bbox 717 3507 781 3558; x_wconf 69' lang='lat' dir='ltr'><strong>Car.</strong></span> <span class='ocrx_word' id='word_1_237' title='bbox 792 3500 867 3558; x_wconf 83' lang='lat' dir='ltr'>xlx.</span> <span class='ocrx_word' id='word_1_238' title='bbox 887 3524 911 3559; x_wconf 88' lang='lat'><strong>1.</strong></span> <span class='ocrx_word' id='word_1_239' title='bbox 929 3506 1053 3578; x_wconf 76' lang='lat' dir='ltr'><strong>Quodper¹</strong></span> <span class='ocrx_word' id='word_1_240' title='bbox 1062 3504 1126 3576; x_wconf 77' lang='lat' dir='ltr'><strong>fines</strong></span> <span class='ocrx_word' id='word_1_241' title='bbox 1144 3505 1188 3559; x_wconf 78' lang='lat' dir='ltr'><strong>Se·</strong></span> <span class='ocrx_word' id='word_1_242' title='bbox 1239 3538 1243 3550; x_wconf 90' lang='lat'><strong>·</strong></span> 
     </span>
    </p>

    <p class='ocr_par' dir='ltr' id='par_1_11' title="bbox 149 3582 1188 3895">
     <span class='ocr_line' id='line_1_31' title="bbox 173 3582 1187 3657; baseline 0.002 -20"><span class='ocrx_word' id='word_1_243' title='bbox 173 3583 341 3647; x_wconf 60' lang='lat' dir='ltr'><strong>Maiam</strong></span> <span class='ocrx_word' id='word_1_244' title='bbox 359 3582 428 3637; x_wconf 83' lang='lat' dir='ltr'><strong>cod·</strong></span> <span class='ocrx_word' id='word_1_245' title='bbox 445 3585 477 3638; x_wconf 75' lang='lat' dir='ltr'><strong>R.</strong></span> <span class='ocrx_word' id='word_1_246' title='bbox 497 3586 570 3655; x_wconf 77' lang='lat'><strong><em>5783</em></strong></span> <span class='ocrx_word' id='word_1_247' title='bbox 591 3586 630 3638; x_wconf 79' lang='lat' dir='ltr'><strong>de&#39;·</strong></span> <span class='ocrx_word' id='word_1_248' title='bbox 675 3584 1187 3657; x_wconf 77' lang='lat' dir='ltr'><strong>quartorum,etc.1dest,quodimpc·</strong></span> 
     </span>
     <span class='ocr_line' id='line_1_32' title="bbox 149 3657 1188 3737; baseline 0.002 -21"><span class='ocrx_word' id='word_1_249' title='bbox 149 3657 268 3717; x_wconf 57' lang='lat' dir='ltr'><strong>W.</strong></span> <span class='ocrx_word' id='word_1_250' title='bbox 283 3661 353 3718; x_wconf 82' lang='lat' dir='ltr'><strong>cod.</strong></span> <span class='ocrx_word' id='word_1_251' title='bbox 369 3663 446 3734; x_wconf 84' lang='lat'>5770</span> <span class='ocrx_word' id='word_1_252' title='bbox 461 3663 589 3718; x_wconf 71' lang='lat' dir='ltr'><strong>doninuta.</strong></span> <span class='ocrx_word' id='word_1_253' title='bbox 675 3677 767 3717; x_wconf 71' lang='lat' dir='ltr'><strong>nasset</strong></span> <span class='ocrx_word' id='word_1_254' title='bbox 781 3664 943 3727; x_wconf 83' lang='lat' dir='ltr'><strong>Dumnorix,</strong></span> <span class='ocrx_word' id='word_1_255' title='bbox 958 3678 988 3717; x_wconf 89' lang='lat' dir='ltr'><strong>ut</strong></span> <span class='ocrx_word' id='word_1_256' title='bbox 1003 3684 1051 3737; x_wconf 88' lang='lat' dir='ltr'><strong>per</strong></span> <span class='ocrx_word' id='word_1_257' title='bbox 1063 3665 1129 3718; x_wconf 84' lang='lat' dir='ltr'><strong>fines</strong></span> <span class='ocrx_word' id='word_1_258' title='bbox 1141 3665 1188 3718; x_wconf 84' lang='lat' dir='ltr'><strong>se-</strong></span> 
     </span>
     <span class='ocr_line' id='line_1_33' title="bbox 151 3741 1115 3820; baseline 0.004 -28"><span class='ocrx_word' id='word_1_259' title='bbox 151 3809 156 3820; x_wconf 39' lang='lat'><strong>·</strong></span> <span class='ocrx_word' id='word_1_260' title='bbox 176 3754 212 3792; x_wconf 83' lang='lat' dir='ltr'><strong>to.</strong></span> <span class='ocrx_word' id='word_1_261' title='bbox 220 3741 321 3814; x_wconf 65' lang='lat' dir='ltr'><strong>Imperio</strong></span> <span class='ocrx_word' id='word_1_262' title='bbox 327 3743 418 3815; x_wconf 81' lang='lat' dir='ltr'><strong>Populi</strong></span> <span class='ocrx_word' id='word_1_263' title='bbox 423 3743 570 3797; x_wconf 76' lang='lat' dir='ltr'><strong>Ronmnin</strong></span> <span class='ocrx_word' id='word_1_264' title='bbox 578 3756 631 3809; x_wconf 82' lang='lat' dir='ltr'><strong>est,</strong></span> <span class='ocrx_word' id='word_1_265' title='bbox 675 3762 824 3815; x_wconf 81' lang='lat' dir='ltr'><strong>quauorum</strong></span> <span class='ocrx_word' id='word_1_266' title='bbox 838 3744 952 3797; x_wconf 84' lang='lat' dir='ltr'><strong>Helvetii</strong></span> <span class='ocrx_word' id='word_1_267' title='bbox 966 3744 1115 3798; x_wconf 80' lang='lat' dir='ltr'><strong>transirent.</strong></span> 
     </span>
     <span class='ocr_line' id='line_1_34' title="bbox 151 3822 1187 3895; baseline -0.001 -19"><span class='ocrx_word' id='word_1_268' title='bbox 151 3827 267 3887; x_wconf 56' lang='lat' dir='ltr'><strong>memte</strong></span> <span class='ocrx_word' id='word_1_269' title='bbox 278 3822 381 3895; x_wconf 78' lang='lat' dir='ltr'><strong>populo</strong></span> <span class='ocrx_word' id='word_1_270' title='bbox 395 3841 513 3876; x_wconf 81' lang='lat' dir='ltr'><strong>romano.</strong></span> <span class='ocrx_word' id='word_1_271' title='bbox 717 3843 742 3876; x_wconf 80' lang='lat' dir='ltr'><strong>a.</strong></span> <span class='ocrx_word' id='word_1_272' title='bbox 764 3825 859 3894; x_wconf 77' lang='lat' dir='ltr'><strong>Injussa</strong></span> <span class='ocrx_word' id='word_1_273' title='bbox 868 3844 919 3876; x_wconf 86' lang='lat' dir='ltr'><strong>suo.</strong></span> <span class='ocrx_word' id='word_1_274' title='bbox 931 3824 998 3889; x_wconf 81' lang='lat' dir='ltr'><strong>Suo,</strong></span> <span class='ocrx_word' id='word_1_275' title='bbox 1006 3824 1062 3877; x_wconf 80' lang='lat' dir='ltr'><strong>scil.</strong></span> <span class='ocrx_word' id='word_1_276' title='bbox 1071 3824 1187 3877; x_wconf 70' lang='lat' dir='ltr'><strong>Caesaris.</strong></span> 
     </span>
    </p>

    <p class='ocr_par' dir='ltr' id='par_1_12' title="bbox 154 3901 1187 4213">
     <span class='ocr_line' id='line_1_35' title="bbox 180 3901 1186 3977; baseline 0.004 -26"><span class='ocrx_word' id='word_1_277' title='bbox 180 3911 215 3951; x_wconf 85' lang='lat'><strong>11.</strong></span> <span class='ocrx_word' id='word_1_278' title='bbox 232 3901 262 3953; x_wconf 76' lang='lat' dir='ltr'><strong>la</strong></span> <span class='ocrx_word' id='word_1_279' title='bbox 275 3901 411 3975; x_wconf 73' lang='lat' dir='ltr'><strong>quamdo.</strong></span> <span class='ocrx_word' id='word_1_280' title='bbox 424 3903 466 3955; x_wconf 76' lang='lat' dir='ltr'><strong>Al.</strong></span> <span class='ocrx_word' id='word_1_281' title='bbox 483 3904 629 3977; x_wconf 72' lang='lat' dir='ltr'><strong>risque&#39;rrndo.</strong></span> <span class='ocrx_word' id='word_1_282' title='bbox 716 3903 742 3960; x_wconf 81' lang='grc'><strong>3.</strong></span> <span class='ocrx_word' id='word_1_283' title='bbox 764 3904 919 3956; x_wconf 73' lang='lat' dir='ltr'><strong>Inscientibtu</strong></span> <span class='ocrx_word' id='word_1_284' title='bbox 933 3908 998 3975; x_wconf 64' lang='lat' dir='ltr'><strong>iustis.</strong></span> <span class='ocrx_word' id='word_1_285' title='bbox 1010 3903 1070 3956; x_wconf 87' lang='lat' dir='ltr'><strong>scil.</strong></span> <span class='ocrx_word' id='word_1_286' title='bbox 1084 3901 1186 3955; x_wconf 82' lang='lat' dir='ltr'><strong>AEduis.</strong></span> 
     </span>
     <span class='ocr_line' id='line_1_36' title="bbox 154 3965 1187 4054; baseline 0.002 -20"><span class='ocrx_word' id='word_1_287' title='bbox 154 3965 187 4023; x_wconf 61' lang='lat'><strong>0¹·</strong></span> <span class='ocrx_word' id='word_1_288' title='bbox 200 3976 300 4053; x_wconf 60' lang='lat' dir='ltr'><strong>interpr.</strong></span> <span class='ocrx_word' id='word_1_289' title='bbox 319 3984 443 4053; x_wconf 64' lang='lat' dir='ltr'><strong>mriuebr</strong></span> <span class='ocrx_word' id='word_1_290' title='bbox 462 3976 492 4034; x_wconf 74' lang='lat' dir='ltr'><strong>di</strong></span> <span class='ocrx_word' id='word_1_291' title='bbox 508 3981 550 4034; x_wconf 74' lang='lat' dir='ltr'><strong>mi</strong></span> <span class='ocrx_word' id='word_1_292' title='bbox 571 3986 631 4054; x_wconf 72' lang='grc' dir='ltr'><strong>πρὸς</strong></span> <span class='ocrx_word' id='word_1_293' title='bbox 716 3989 743 4046; x_wconf 71' lang='grc'><strong>4.</strong></span> <span class='ocrx_word' id='word_1_294' title='bbox 763 3982 885 4036; x_wconf 74' lang='lat' dir='ltr'><strong>Sumam</strong></span> <span class='ocrx_word' id='word_1_295' title='bbox 896 3987 921 4034; x_wconf 84' lang='lat' dir='ltr'><strong>in</strong></span> <span class='ocrx_word' id='word_1_296' title='bbox 932 4004 957 4034; x_wconf 86' lang='lat' dir='ltr'><strong>se</strong></span> <span class='ocrx_word' id='word_1_297' title='bbox 971 3983 1126 4035; x_wconf 67' lang='lat' dir='ltr'><strong>vobintatem.</strong></span> <span class='ocrx_word' id='word_1_298' title='bbox 1137 3983 1187 4036; x_wconf 81' lang='lat' dir='ltr'><strong>Be-</strong></span> 
     </span>
     <span class='ocr_line' id='line_1_37' title="bbox 156 4051 1187 4132; baseline -0.002 -16"><span class='ocrx_word' id='word_1_299' title='bbox 156 4051 247 4116; x_wconf 54' lang='lat' dir='ltr'><strong>ruem</strong></span> <span class='ocrx_word' id='word_1_300' title='bbox 264 4063 371 4132; x_wconf 60' lang='lat' dir='ltr'><strong>laicae.</strong></span> <span class='ocrx_word' id='word_1_301' title='bbox 388 4061 479 4115; x_wconf 80' lang='lat' dir='ltr'><strong>Nostri</strong></span> <span class='ocrx_word' id='word_1_302' title='bbox 499 4061 578 4116; x_wconf 83' lang='lat' dir='ltr'><strong>codd.</strong></span> <span class='ocrx_word' id='word_1_303' title='bbox 596 4067 632 4116; x_wconf 81' lang='lat' dir='ltr'><strong>in-</strong></span> <span class='ocrx_word' id='word_1_304' title='bbox 676 4062 852 4115; x_wconf 83' lang='lat' dir='ltr'><strong>nevolentiam</strong></span> <span class='ocrx_word' id='word_1_305' title='bbox 866 4075 910 4116; x_wconf 78' lang='lat' dir='ltr'><strong>aut</strong></span> <span class='ocrx_word' id='word_1_306' title='bbox 921 4059 1116 4115; x_wconf 75' lang='lat' dir='ltr'><strong>amoremvid.</strong></span> <span class='ocrx_word' id='word_1_307' title='bbox 1124 4062 1187 4115; x_wconf 87' lang='lat' dir='ltr'><strong>Ter.</strong></span> 
     </span>
     <span class='ocr_line' id='line_1_38' title="bbox 158 4131 1186 4213; baseline 0.002 -20"><span class='ocrx_word' id='word_1_308' title='bbox 158 4131 252 4199; x_wconf 59' lang='grc' dir='ltr'><strong>Μ,</strong></span> <span class='ocrx_word' id='word_1_309' title='bbox 265 4138 518 4213; x_wconf 72' lang='lat' dir='ltr'><strong>quodpretulen‘m.</strong></span> <span class='ocrx_word' id='word_1_310' title='bbox 677 4141 785 4199; x_wconf 77' lang='lat' dir='ltr'><strong>Phorm.</strong></span> <span class='ocrx_word' id='word_1_311' title='bbox 793 4142 863 4198; x_wconf 79' lang='lat' dir='ltr'><strong>Prot.</strong></span> <span class='ocrx_word' id='word_1_312' title='bbox 873 4161 899 4199; x_wconf 76' lang='lat' dir='ltr'><strong>v.</strong></span> <span class='ocrx_word' id='word_1_313' title='bbox 910 4142 953 4208; x_wconf 82' lang='lat'><strong>30,</strong></span> <span class='ocrx_word' id='word_1_314' title='bbox 964 4154 991 4196; x_wconf 88' lang='lat' dir='ltr'><strong>et</strong></span> <span class='ocrx_word' id='word_1_315' title='bbox 1000 4141 1186 4196; x_wconf 84' lang='lat' dir='ltr'><strong>ibiDonatum.</strong></span> 
     </span>
    </p>
   </div>
   <div class='ocr_carea' id='block_1_4' title="bbox 0 0 1351 5280">
    <p class='ocr_par' dir='ltr' id='par_1_13' title="bbox 0 0 1351 5280">
     <span class='ocr_line' id='line_1_39' title="bbox 0 0 1351 5280; baseline 0 0"><span class='ocrx_word' id='word_1_316' title='bbox 0 0 1351 5280; x_wconf 95' lang='lat' dir='ltr'><strong> </strong></span> 
     </span>
    </p>
   </div>
  </div>
 </body>
</html>
