2640 5280
524 385 817 459 PRAEFATIO.
1132 414 1188 459 rxt

118 513 195 583 mtit
214 530 432 579 monumento
449 515 514 579 illie
538 516 674 605 releget,
694 532 726 581 et
750 515 828 580 tales
850 516 929 580 olim
946 516 1047 581 misse
1064 515 1189 602 Gellos,

122 620 228 706 quales
247 642 282 685 ee
298 619 452 709 deinceps
468 638 501 686 et
519 644 626 711 nuper
643 622 877 710 prestiterunt,
889 622 936 686 ibi
951 622 1189 713 deprehendet,

126 726 285 815 gentilitio
297 727 417 795 indolis
430 750 488 816 per
500 744 551 793 tot
564 729 679 793 saecnls
692 728 754 793 sibi
772 730 952 797 morensis
964 729 1099 797 feliciter
1108 752 1189 796 eon·

128 834 214 899 snus.
237 833 314 915 Quo
342 830 478 921 quidem
506 850 672 923 respectu,
695 834 838 926 patrium
863 852 896 899 et
918 837 1011 900 civile
1033 835 1189 924 quiddrnt

129 937 223 1003 inesse
241 939 409 1004 laboribus
427 941 563 1018 nostris,
576 963 644 1005 non
658 942 799 1007 letemur
817 941 934 1023 modo,
947 941 1004 1006 sed
1022 959 1055 1007 et
1072 943 1190 1032 glorie·

131 1067 204 1111 uur.
218 1045 320 1128 Quod
329 1069 408 1110 vero
420 1048 560 1111 maxime
577 1047 759 1135 optandum
773 1064 857 1130 erat,
872 1049 993 1112 seilicet
1002 1065 1041 1113 nt
1052 1048 1189 1138 dignum

131 1151 171 1218 tui
187 1151 398 1239 interpretem
419 1151 545 1235 Caesar,
563 1170 638 1241 post
656 1169 707 1219 tot
724 1154 915 1243 interpretes
935 1155 1190 1239 nancisceretur,

131 1257 291 1345 contigisse
306 1257 402 1322 nobis
419 1260 634 1351 gntulnmur,
649 1260 769 1348 quibus
785 1260 915 1349 publicu
930 1282 993 1325 vox
1010 1259 1191 1350 designarit

134 1361 408 1441 N.L.Aenut‘ntre‚
422 1365 480 1452 qui
497 1367 549 1429 sui
564 1366 631 1446 jum
648 1366 830 1454 periculum
846 1367 964 1431 feceret
980 1366 1014 1431 in
1029 1367 1140 1431 Persio
1157 1383 1190 1431 et

131 1468 280 1552 lureneli3
293 1488 327 1535 et
345 1471 473 1537 edendo
491 1474 609 1537 Caesari
625 1472 823 1563 praeludens,
837 1475 941 1538 mults
956 1476 1021 1555 jem
1039 1476 1191 1566 varieque

80 1610 82 1645 ι
134 1596 160 1639 tt
174 1594 284 1641 tuente
300 1594 551 1666 comparerent.

164 1681 211 1747 Ad
228 1706 314 1771 opus
344 1684 444 1774 igitur
466 1684 620 1767 accessit,
643 1684 683 1747 iis
707 1684 888 1750 instructus
912 1683 1082 1767 subsidiis,
1101 1685 1191 1751 unde

135 1788 323 1852 emendatior
339 1789 441 1853 editio
458 1807 491 1852 et
504 1789 699 1878 locupletior
714 1789 788 1869 juro
801 1804 910 1876 posset
924 1790 1116 1877 exspecteri3
1131 1810 1192 1854 nec

134 1889 220 1957 dubio
248 1894 357 1977 locus,
376 1895 456 1981 quin
482 1916 611 1959 summe
628 1918 706 1983 ope,
732 1910 764 1957 et
782 1895 860 1959 totis
882 1895 983 1959 animi
1004 1895 1193 1986 ingeniique

134 1999 243 2066 viribus
262 2002 297 2063 in
316 2023 387 2064 rem
410 2017 556 2067 nocuum
574 2000 774 2082 intenderet,
793 2000 851 2088 qui
873 2001 1083 2066 veliementer
1098 2016 1192 2090 optu-

133 2123 208 2170 terat
225 2104 421 2193 aliquando,
441 2123 474 2171 et
492 2107 601 2171 nescio
620 2129 685 2194 qua
703 2107 803 2171 animi
821 2107 1025 2195 providentia
1041 2109 1192 2172 futurum

132 2208 209 2277 breti
227 2211 415 2278 confidebat
432 2212 497 2299 (ι),
509 2230 549 2276 ut
566 2213 730 2277 recentius
748 2230 937 2302 usurpatam
957 2235 974 2277 s
991 2214 1106 2279 vicinis
1124 2213 1194 2303 phi·

130 2313 245 2406 lologiae
267 2316 398 2382 laudern
424 2318 526 2385 Gallia
543 2334 719 2406 repeteret;
739 2335 773 2382 et
792 2320 997 2384 exorirentur
1014 2320 1100 2385 inter
1118 2340 1193 2397 nos,

127 2423 176 2508 qui
192 2440 473 2511 premonstratam
492 2426 571 2489 olim
582 2448 600 2488 a
613 2425 797 2514 Septimis,
821 2425 989 2506 tombis,
1007 2426 1190 2505 Salmasiis,

126 2543 193 2610 etc,
203 2528 290 2593 viam
302 2529 438 2618 ingressi
449 2527 658 2596 conficerent.
671 2530 823 2596 Nostrum
834 2530 879 2593 illi
893 2547 1052 2613 mentem,
1064 2548 1097 2595 et
1115 2530 1196 2618 quid

126 2635 248 2698 consilii
266 2636 366 2699 fuerit
379 2635 492 2718 nobis,
511 2636 713 2724 aperuimus3
729 2653 779 2718 et,
798 2636 961 2700 intellectu
977 2659 1028 2720 re,
1044 2652 1196 2723 recteque

123 2740 207 2804 inter
222 2763 284 2805 nos
301 2743 496 2824 constituta,
514 2744 616 2808 socias
632 2743 667 2805 in
680 2742 808 2811 edendo
824 2742 949 2809 Coesare
962 2743 1045 2807 vires
1058 2760 1090 2807 et
1103 2764 1196 2806 curas

122 2848 331 2913 contulimus.
347 2849 429 2931 Quae
447 2848 579 2936 quidem
600 2847 717 2929 editio,
732 2858 836 2936 quum
855 2850 973 2937 triplici
989 2850 1195 2939 potissimum

122 2952 253 3017 cardine
271 2970 434 3035 vertatur,
447 2955 616 3019 benenom
632 2953 819 3035 collatrone,
837 2953 1054 3019 emendatione
1069 2965 1197 3036 tentus,

124 3077 156 3124 et
173 3063 445 3149 interpretatione,
460 3062 580 3148 quibus
598 3062 722 3126 artibus
741 3060 802 3124 trio
820 3061 889 3125 brec
906 3063 1033 3151 assequi
1052 3077 1197 3129 tentave-

126 3165 248 3248 rimus,
267 3167 379 3253 paueis
397 3166 499 3231 lector
516 3166 769 3256 praemonendus
788 3183 846 3233 est.

169 3271 207 3334 V
202 3275 380 3337 arcontium
389 3272 559 3338 hottenem
573 3275 714 3362 copiam,
726 3291 759 3338 et
769 3271 903 3361 quidem
917 3273 1116 3339 uberrimam
1130 3273 1198 3336 col·

124 3378 202 3468 legit
222 3381 344 3467 optime
362 3380 404 3444 de
422 3381 529 3445 latinis
553 3379 781 3468 scriptoribus,
803 3378 896 3443 etde
919 3379 1045 3444 Caesare
1062 3399 1198 3469 preser-

125 3484 185 3548 tim
203 3486 357 3568 meritus,
378 3485 419 3550 V.
438 3485 472 3550 C.
500 3485 724 3574 Oudendorp,
741 3484 862 3572 quibus
881 3484 1101 3551 exornandum
1120 3502 1198 3547 cen·

125 3591 209 3671 suit,
231 3615 330 3678 quem
349 3593 512 3681 compegit
530 3591 724 3674 editionem,
743 3589 848 3680 Lugd.
871 3592 980 3659 uus.
1003 3612 1079 3656 nnn.
1103 3586 1198 3676 1737.

125 3696 189 3763 Sed
206 3714 297 3763 tanto
311 3699 372 3763 bac
386 3698 563 3763 lectionum
582 3697 778 3786 supellectile
798 3696 1017 3779 circumfusis,
1034 3718 1076 3760 ne
1093 3693 1200 3759 dicam

124 3803 270 3884 obrutis,
290 3804 430 3869 severior
457 3803 600 3873 delectus
626 3819 694 3869 erat
721 3800 928 3871 adhibendus
948 3823 957 3865 t
975 3802 1084 3891 plures
1112 3796 1199 3862 enim

164 4050 206 4120 (t)
226 4058 260 4110 lu
273 4057 429 4125 prelatione
445 4053 479 4109 td
492 4054 660 4127 Juvenum,
674 4072 733 4127 pse.
749 4074 776 4125 9.

965 4135 1014 4219 B!
