2640 5280
200 818 223 861 x
305 832 310 845 ·
585 792 900 875 Eplsrott„

199 978 217 1013 α
235 948 362 1048 Stirpis
380 949 594 1038 Borboniae3
615 948 707 1020 nihil
728 947 788 1019 illa
805 947 907 1033 triste
928 956 1075 1041 recepta
1097 967 1106 1011 ε

200 1113 218 1148 α
234 1088 284 1154 Te
306 1082 421 1172 duce,
440 1082 540 1155 nulla
560 1095 712 1154 manent
736 1080 868 1152 veteris
890 1076 1039 1174 vestigia
1056 1074 1202 1162 luctum
1299 1124 1318 1175 ,Ι

199 1245 217 1279 α
233 1220 280 1287 Et
299 1214 456 1289 fecunda
476 1218 548 1288 tuis
566 1241 648 1314 quae
670 1215 785 1312 surgit
802 1213 841 1282 in
864 1207 1002 1297 edibus
1023 1206 1156 1296 arbor,
1199 1230 1255 1295 ,υ
1302 1186 1318 1275 ,’

200 1378 217 1412 «
231 1353 424 1447 Speratum
444 1347 638 1423 effundens
655 1369 833 1446 generoso
857 1369 877 1415 e
898 1343 1020 1441 stipite
1039 1362 1208 1428 ramum,
1224 1420 1230 1429 ,
1251 1416 1258 1428 ,
1301 1366 1318 1440 ·,

200 1513 217 1547 α
234 1483 638 1583 Concordempatriam
660 1466 786 1554 secura
808 1477 1038 1578 amplectitur
1059 1472 1209 1561 umbra.
1230 1482 1312 1581 ’‘fl

201 1754 328 1824 Omnis
345 1752 391 1824 ad
409 1753 481 1824 hoc
502 1769 631 1826 votum
644 1753 807 1851 assurgit
829 1774 918 1850 gens
936 1748 1094 1859 Classica
1111 1747 1238 1836 votis3
1249 1814 1270 1833 „
1308 1818 1311 1823 .

200 1884 310 1956 Ardet
327 1887 485 1983 quisque
507 1883 575 1956 tibi
595 1885 728 1957 similes
748 1906 964 1982 expromere
983 1903 1134 1968 sensus,

199 2014 270 2085 Sed
290 2009 356 2086 tibi
382 2041 429 2087 ne
454 2015 562 2087 lassas
587 2015 752 2114 repetitis
774 2011 943 2085 cantibus
965 2035 1071 2085 aures
1101 2052 1107 2083 ;

201 2145 417 2235 Obtuderit,
436 2147 495 2218 lex
515 2162 623 2246 pacta
644 2144 732 2234 tuit,
752 2170 825 2242 qua
846 2144 1016 2252 protinus
1036 2165 1159 2213 unum

198 2285 252 2351 De
276 2284 417 2353 cunctis
432 2281 614 2379 legerent,
633 2280 700 2352 tibi
717 2282 784 2379 qui
806 2281 946 2385 sincera
963 2277 1130 2366 locutus,

199 2412 313 2479 Carus
336 2423 374 2481 et
394 2424 478 2481 ante
496 2409 607 2499 alios,
626 2410 715 2482 dum
734 2425 860 2482 caetera
883 2408 991 2482 turba
1011 2407 1152 2498 silebit,
1173 2480 1181 2491 ,

198 2539 372 2637 Impleret
394 2540 514 2640 dignis
538 2541 666 2615 orandi
689 2542 816 2632 munia
836 2540 966 2619 verbis.
1013 2614 1016 2619 ,
1082 2600 1086 2613 .

198 2674 346 2746 Flaccus
367 2674 488 2764 adest,
512 2690 548 2747 et
571 2675 673 2774 quod
695 2681 883 2748 Musarum
901 2678 970 2747 rite
989 2672 1166 2747 sacerdos
1179 2728 1196 2749 -.

199 2811 430 2907 Conceptum
450 2811 562 2908 spirat
582 2808 743 2882 facundo
765 2824 915 2908 pectore
938 2806 1142 2895 Phoebum;

198 2942 243 3008 Et
264 2938 366 3036 quod
383 2938 613 3039 principibus
632 2965 797 3039 semper,
820 2939 923 3039 quod
940 2938 1038 3010 lidus
1060 2939 1222 3028 amicis„
1258 3018 1264 3025 ,

199 3070 375 3142 Auditum
397 3073 513 3143 voluit
535 3075 675 3145 miseris
698 3073 799 3144 hunc
816 3097 976 3171 pangere
992 3053 1167 3143 versum:

200 3233 216 3267 α
237 3207 369 3275 Coram
390 3209 488 3302 Rege
507 3229 574 3277 suo
594 3205 641 3278 de
663 3220 886 3305 paupertate¹
902 3218 1083 3292 tacentes,
1102 3215 1125 3242 ¹²

199 3367 217 3400 «
231 3337 323 3417 Plus,
333 3352 508 3436 poscente
528 3336 656 3410 ferent.
675 3338 796 3411 »Ideo
818 3339 869 3410 sic
891 3363 955 3410 ore
974 3350 1085 3436 poeta

200 3471 332 3567 Incipit
356 3497 362 3538 :
386 3499 403 3534 «
424 3467 797 3542 Absentemnimium
819 3485 872 3558 te,
891 3468 1114 3556 Duxbone,
1135 3468 1236 3539 Galli
1265 3527 1269 3541 .

200 3600 494 3699 «Ominibusque
506 3587 854 3701 suis‚precibusque‚
862 3603 1066 3699 animisque
1077 3599 1276 3673 vocabant:

201 3739 279 3804 «Te
300 3747 500 3831 praesente,
523 3731 599 3805 dies
622 3732 734 3806 Gallis
754 3732 987 3830 tranquillior
1007 3731 1096 3821 ibit,

201 3870 280 3935 «Et
300 3867 386 3963 puri
406 3863 500 3936 soles
520 3865 662 3937 meliori
681 3865 762 3937 luce
784 3863 966 3937 nitebunt.

202 4004 292 4068 «Tu
312 4011 417 4095 pater
438 4011 476 4069 et
497 3999 669 4096 princeps
687 3997 811 4086 audis;
835 3994 902 4068 tibi
926 3996 1043 4069 Gallia
1063 3995 1224 4094 plaudit,
1253 4074 1257 4081 ,

203 4130 349 4226 «Cujus
368 4153 471 4200 amor
491 4154 574 4201 vera
597 4145 657 4218 est·
671 4154 798 4229 regum
822 4128 937 4217 tutela
956 4127 1154 4201 bonorum.

204 4294 220 4327 «
239 4263 275 4332 Si
297 4286 392 4359 quos
409 4259 503 4334 forte
525 4277 648 4352 tamen
667 4277 707 4349 ¹te
725 4276 853 4353 contra
872 4262 1061 4333 immiserit
1082 4259 1220 4358 hydros

204 4395 396 4467 «Turbida
416 4394 568 4484 seditio,
591 4411 633 4469 tu
654 4394 741 4468 forti
761 4409 911 4494 pectore
932 4395 1084 4485 vinces,
