2640 5280
456 406 865 477 DEDICATORIA.
1135 430 1199 477 xru

118 561 187 631 Hic
206 563 352 633 Venere
371 557 514 653 infami,
533 564 746 662 ventrisque
766 563 918 637 libidine
933 577 1084 663 raptus,

124 694 278 766 Vivendi
297 695 359 767 cui
379 719 489 769 causa
504 693 574 768 fuit
594 697 724 770 lesciva
744 697 935 797 voluptas,

126 830 309 901 Scortator
326 828 485 918 Consul,
501 828 710 929 dignusque
730 835 880 904 Nerone
897 831 1082 917 minister,

129 958 248 1033 Judioe
270 975 307 1032 te
327 958 525 1034 damnatus
542 960 662 1051 abest,
678 960 874 1035 damnatus
892 975 931 1034 et
951 960 1056 1033 absit.

130 1091 189 1164 llle
206 1107 348 1181 autem,
364 1091 546 1166 scelerum
568 1092 681 1195 pleno
700 1095 769 1192 qui
790 1108 899 1166 notus
923 1095 963 1165 in
983 1118 1080 1183 aevo,

134 1227 349 1324 Sanguineas
367 1229 465 1299 inter
481 1227 586 1299 Marii
603 1226 784 1324 Syllnque
801 1224 966 1315 furores,

134 1357 347 1433 Carnificum
367 1358 508 1433 rabiem
525 1359 706 1431 dominari
727 1360 879 1458 impune
898 1357 1068 1446 videbat,

135 1492 349 1591 Mactarique
367 1490 506 1580 bonos,
527 1505 618 1563 tunc
638 1491 792 1561 numina
808 1489 958 1562 credere
978 1488 1080 1561 nullu

136 1620 316 1712 Maluerat,
331 1644 446 1720 qoam
463 1644 540 1693 non
557 1623 675 1717 juste,
696 1634 760 1691 aut
780 1620 905 1718 ignara
926 1622 1122 1710 Quiritum.

137 1751 197 1823 Sed
216 1754 369 1827 summis
386 1777 524 1826 errasse
546 1774 620 1825 suae
637 1777 724 1825 cum
742 1749 885 1824 civibus
905 1749 1023 1840 urbis,

139 1887 397 1987 Contempsisse
418 1891 538 1977 Deos,
561 1902 598 1960 et
621 1885 757 1985 templa
776 1887 943 1957 tonantia
964 1884 1050 1957 coeli

138 2020 280 2093 Poeuitet
300 2047 308 2090 :
332 2021 479 2092 insanas
497 2046 598 2093 nunc
616 2021 694 2119 ipse
709 2021 900 2092 Lucretius
916 2033 1030 2107 artes,

86 2138 88 2147 ¹
137 2153 294 2223 Insanum
316 2167 480 2224 mentem
498 2153 616 2248 ejurat
636 2179 645 2222 ε
669 2175 779 2248 quam
796 2149 911 2222 nollet
932 2150 1095 2249 Olympo

86 2260 88 2311 !
136 2285 329 2357 Detrusisse
348 2282 498 2356 lovem!
522 2309 623 2356 nunc
643 2308 721 2354 sese
741 2282 890 2354 damnat
910 2297 946 2354 et
967 2282 1064 2372 odit,

136 2415 201 2504 Qui
222 2417 348 2488 sceleri
368 2440 536 2515 poenam,
557 2416 695 2488 miseris
716 2415 864 2501 solatia,
885 2421 1022 2513 Regem

132 2549 305 2648 Regibus,
325 2552 452 2622 aeterni
472 2549 615 2621 mundo
633 2550 796 2622 Rectoris
817 2545 999 2637 habenas,

131 2683 171 2750 Et
186 2682 299 2752 morti
319 2683 400 2752 vitae
418 2706 502 2780 spes
521 2681 734 2753 immortalis
754 2679 898 2752 ademit.

128 2813 180 2882 Da
201 2815 346 2884 veniam
367 2815 502 2898 errori;
521 2815 586 2911 qui
607 2812 742 2910 gaudes
762 2836 911 2910 parcere
932 2813 1093 2899 cunctis,

127 2945 234 3016 Parce
255 2958 378 3043 pater;
398 2945 539 3042 superis
555 2958 676 3042 aequat
695 2942 887 3015 clementia
908 2967 1022 3042 reges.

126 3074 233 3155 Haud
255 3075 345 3149 alios
362 3077 473 3175 gessit
488 3076 600 3175 regali
618 3090 767 3174 pectore
786 3098 935 3163 sensus,

125 3204 190 3278 Ille
215 3222 301 3279 tuus
318 3208 480 3296 Lodoix,
504 3210 688 3307 exemplar
704 3206 830 3279 nobile
851 3230 999 3304 regum,

126 3341 288 3439 Imperio
308 3338 452 3439 quibis
472 3356 613 3440 septem
632 3341 887 3438 quinquennia
907 3364 1041 3438 magno

126 3473 309 3545 Maximus
329 3472 504 3571 explevit;
523 3474 608 3571 qui,
627 3470 778 3569 quando
798 3473 920 3569 stirpis
940 3473 1043 3542 avitae

126 3603 243 3676 Dulce
265 3603 377 3677 decus
394 3605 567 3700 juvenem
585 3602 815 3700 Delphinum
837 3600 976 3700 fingere
996 3599 1150 3691 vellet,¹⁹

130 3737 202 3809 Olli
218 3762 297 3809 non
313 3738 436 3808 timuit
451 3741 640 3809 Naturam
658 3734 807 3807 credere
829 3759 949 3804 rerum
969 3761 978 3803 :

129 3872 202 3943 Nec
223 3883 348 3942 tamen
368 3870 407 3939 iu
428 3867 563 3956 lucem,
580 3868 713 3939 sanctis
731 3865 779 3938 de
797 3861 964 3939 lontibus
985 3864 1133 3954 hausta,

129 4005 298 4076 Carmina
315 4001 518 4102 protulerat
534 3999 665 4075 Phoebi
685 3998 894 4096 Christique
917 3997 1085 4071 sacerdos
1095 4011 1132 4084 ,²⁰
