2640 5280
280 316 354 398 DE
374 330 549 399 BELLO
575 329 823 399 GALLICO.
847 334 943 400 LIB.
971 334 999 401 1.
1163 360 1183 430 7

143 458 298 527 maximum
324 484 500 529 numerum
527 485 699 548 coemere3
717 478 878 532 sementes
905 488 1004 557 quam
1027 463 1185 535 maximas

140 560 244 652 facere,
256 579 296 634 ut
307 569 342 634 in
357 569 473 635 itinere
486 569 582 662 copia
595 567 752 637 frumenti
765 585 971 664 suppeteret;
984 596 1061 639 ctun
1075 574 1185 666 proxi·

136 670 183 737 nis
194 672 381 742 civitatibus
394 698 510 769 pacem
529 689 563 742 et
581 676 758 742 amicitiam
777 675 984 744 consumare.
999 675 1119 746 Adeas
1133 703 1186 748 res

84 838 86 847 .
135 774 340 848 onficiendas
358 780 527 849 biennium
547 779 608 848 sibi
621 783 699 849 satis
717 805 787 849 esse
806 781 989 870 duxerunt,
1002 785 1037 850 in
1050 786 1185 853 tertium
1286 867 1289 876 .

136 903 242 950 annum
260 884 501 978 profectionem
523 885 594 980 lege
614 873 626 912 ³
644 886 852 956 confirmant
872 888 924 957 Ad
948 912 1003 957 eas
1027 914 1079 959 res
1105 915 1184 959 cou-

135 979 301 1059 fiticndas⁴
323 994 503 1086 Orgetorix
527 990 689 1086 deligitur.
716 996 772 1081 Is,
797 993 854 1061 ubi
874 981 885 1020 ⁵
913 993 1110 1089 legationem
1142 997 1185 1065 ad

136 1093 265 1166 civitates
288 1101 449 1194 suscepit,
462 1101 497 1167 in
522 1123 562 1168 eo
584 1100 700 1168 itinere
721 1100 899 1194 persuadet
920 1103 1071 1188 Castico,
1085 1104 1183 1171 Cata·

137 1200 311 1273 mantaledis
324 1204 410 1293 filio,
424 1208 595 1299 Sequano,
608 1207 702 1298 cujus
715 1220 810 1300 pater
823 1231 963 1300 regnum
977 1209 1011 1275 in
1025 1209 1184 1301 Sequanis

137 1304 238 1390 multos
264 1332 369 1380 annos
396 1312 599 1398 obtinuerat,
619 1326 653 1380 et
677 1336 696 1380 u
719 1315 750 1381 S.
770 1315 805 1380 P.
827 1301 895 1381 R.⁶
916 1315 1040 1381 amicus
1071 1313 1183 1408 appel-

138 1407 204 1482 latus
230 1431 324 1504 erat,
342 1432 381 1485 ut
408 1441 546 1511 regnum
573 1421 606 1485 in
633 1420 765 1486 civitate
789 1443 849 1486 sua
874 1434 1074 1514 occuparet,
1094 1419 1182 1513 quod

139 1531 212 1608 pter
248 1537 326 1590 ante
359 1523 522 1592 habuerat
543 1527 582 1590 ⁷:
612 1524 755 1616 itemque
788 1514 1022 1618 Dumnorigi⁸
1051 1524 1184 1611 AEduo,

139 1620 210 1694 fiatri
227 1629 401 1717 Divitiaci,
413 1632 470 1724 qui
489 1654 529 1698 eo
548 1643 698 1723 tempore
724 1631 946 1724 principatum
968 1633 1002 1698 in
1024 1633 1183 1698 civitate⁹

139 1824 213 1894 prium.
220 1829 286 1894 Qua
301 1830 387 1882 forma
400 1830 463 1901 ipsis
479 1829 572 1896 tuerit,
586 1831 627 1883 in·
672 1850 688 1879 α
703 1842 786 1880 senatu
793 1829 927 1900 populoque
937 1849 1043 1881 romono.
1056 1829 1183 1882 Usitatio·

138 1917 216 1960 rorum
232 1921 279 1962 est.
671 1928 728 1961 rem
740 1909 851 1960 formam
862 1909 1001 1961 inscientes
1012 1910 1185 1980 praetulerunt

167 1985 186 2038 3.
205 1990 275 2059 Lege.
293 1988 355 2041 Non
376 1989 434 2060 lege
455 1989 569 2060 scripta,
580 1989 627 2043 sed
671 1989 781 2041 librarii.
792 1988 882 2041 Nostri
889 1986 967 2041 codd.
976 1989 1112 2060 begga&
1119 1990 1182 2041 Pit.

137 2063 220 2132 putioe
233 2069 363 2134 concilio,
374 2067 472 2121 foedere
486 2081 567 2121 certo.
712 2088 739 2138 7.
762 2069 837 2137 Quod
847 2081 918 2139 pater
934 2082 989 2120 aare
1004 2070 1127 2121 liobaerat.
1144 2070 1184 2121 Ex

166 2153 185 2210 t.
199 2148 296 2201 Adeas
311 2169 349 2199 rer
366 2147 532 2218 conficiendos.
547 2150 627 2202 Istam
670 2147 724 2201 b.l.
737 2161 763 2200 et
774 2149 863 2201 multis
874 2149 947 2213 aliis,
957 2148 1091 2220 patetbaec
1102 2167 1184 2219 regna

136 2228 299 2295 repetitionem
316 2229 446 2299 ingratam
463 2231 523 2299 jure
538 2249 627 2301 repre·
671 2227 699 2280 in
718 2227 804 2280 Gallia
826 2248 881 2280 non
902 2227 980 2280 inisse
1002 2226 1183 2293 haereditaria,

135 2299 264 2361 teuderam
276 2308 378 2361 critici:
391 2305 463 2359 unde
473 2307 628 2362 Ciacconiua
670 2308 767 2378 quibus
782 2322 869 2360 tamen
885 2307 934 2360 titii
948 2327 975 2360 se
989 2307 1089 2379 privari
1100 2309 1185 2378 gravi·

134 2379 257 2440 hacvaha
268 2385 381 2440 delenda
395 2405 451 2440 esse
464 2402 569 2441 censet:
581 2388 627 2442 sed
671 2400 710 2439 ter
724 2389 850 2440 serebant.
864 2390 886 2438 A
898 2388 1014 2459 populo,
1025 2400 1055 2439 ut
1069 2387 1100 2439 fit
1113 2388 1184 2440 reri·

132 2460 182 2517 ubil
194 2467 237 2520 hie
251 2467 471 2539 superfluum3et
486 2468 585 2533 Cesar,
597 2483 628 2522 ut
669 2467 774 2532 simile,
793 2466 925 2519 dabantur
946 2479 1056 2538 propter
1076 2467 1185 2537 justitia

132 2538 193 2598 docet
206 2547 311 2599 Hirtius
325 2548 353 2598 in
368 2548 444 2618 epist.
463 2546 496 2599 ad
516 2549 627 2602 Balbum
670 2559 696 2599 et
712 2546 876 2599 fortitudinis
893 2547 1057 2617 opinionem.
1070 2547 1142 2600 Gon.

130 2627 261 2692 missa,
280 2629 298 2680 1.
319 2644 389 2691 vm,
408 2625 442 2679 de
467 2624 532 2680 Bell.
557 2629 626 2681 Gali.
711 2629 737 2678 8.
759 2628 912 2694 Ibimnorigi.
930 2628 962 2677 ln
979 2626 1095 2677 nummis
1108 2626 1183 2696 galli·

129 2701 238 2760 ifltinans
253 2706 359 2778 scripsit
370 2707 450 2759 hosce
466 2721 627 2760 commenta·
669 2705 707 2756 cis
721 2705 874 2756 inscribitur·
885 2722 1048 2764 ouunonrx,
1059 2704 1101 2754 vel
1117 2722 1185 2756 uus·

127 2781 183 2851 rios,
202 2786 231 2838 in
249 2787 347 2857 quibus
369 2787 430 2857 rtyli
445 2805 552 2849 curam,
568 2806 628 2855 quae
671 2800 787 2846 runnu,
804 2780 909 2835 diverso
931 2783 1081 2846 schemate,
1096 2782 1184 2852 iuquit

127 2865 298 2930 &thistorim
309 2867 405 2919 frustra
416 2864 556 2918 desideres.
572 2867 626 2919 Ha·
670 2863 801 2915 Oberiin:
817 2879 890 2914 nunc
909 2862 983 2913 miles
1004 2860 1076 2913 adest
1095 2874 1183 2924 stane,

125 2957 172 2998 tum
192 2958 281 2999 autem
302 2947 490 3017 repetitionum
513 2947 541 2998 in
565 2966 627 2999 nos·
670 2955 872 3014 umquemanu
886 2954 966 3011 caput
980 2941 1127 2993 humanum
1144 2954 1182 2993 te·

125 3029 270 3080 bometore
282 3026 552 3096 frequentissimorum
565 3047 626 3079 can·
669 3042 747 3087 nens3
760 3041 831 3074 nunc
847 3021 922 3074 miles
937 3020 1074 3091 gradiens,
1089 3039 1183 3092 aprum

123 3118 168 3157 ttm
181 3106 209 3159 b.
226 3108 246 3159 l.
268 3118 373 3158 notasse
388 3106 450 3158 satis
470 3106 511 3158 ait.
534 3106 627 3177 Cujus·
670 3103 743 3155 basta
755 3099 871 3154 defixum
880 3113 989 3172 gestans.
998 3101 1183 3172 Apersymbo·

123 3183 220 3251 quidem
235 3185 296 3239 vitii
314 3187 460 3238 immunem
482 3205 510 3238 se
528 3188 628 3256 praebet
670 3184 725 3234 lum
737 3179 900 3234 fortitudinis
908 3182 1031 3252 frequens
1041 3179 1112 3251 apud
1121 3180 1183 3233 Gal·

122 3260 499 3336 Grmmterprdicenuuert
506 3262 536 3317 di
543 3271 625 3317 ταῦτα
671 3264 709 3313 ios
733 3275 759 3314 et
776 3262 908 3333 Hispanos
922 3263 949 3313 iu
966 3262 1103 3313 nummis':
1120 3262 1183 3312 item

122 3335 314 3415 imprimam...
322 3345 356 3397 Et
363 3344 495 3397 infrenis
508 3340 537 3397 di
549 3337 626 3415 ὀργι-
670 3343 809 3394 Germanis
820 3342 848 3393 in
859 3342 974 3406 honore,
982 3353 1046 3393 teste
1054 3340 1138 3393 Tacit.
1149 3337 1183 3393 de

123 3423 202 3495 rippa
228 3432 302 3478 τοῦτο
328 3427 539 3495 κατεργασόμενον
562 3428 627 3477 ἀπο·
670 3422 708 3473 M.
717 3420 750 3474 G.
762 3423 841 3485 c.45.
853 3422 969 3474 occurrit
979 3433 1005 3473 et
1014 3422 1042 3473 iu
1054 3422 1184 3473 Romano-

123 3494 367 3566 &iteremberto
377 3504 451 3557 malit
464 3503 536 3555 adeo
550 3505 629 3573 Orge·
670 3521 731 3553 rum
752 3502 842 3572 signis.
872 3502 975 3554 Postica
1004 3513 1091 3552 autem
1122 3519 1182 3571 pars

125 3586 194 3648 tono,
214 3584 316 3638 ceteris
338 3584 448 3636 omissis.
472 3585 534 3636 Non
560 3585 629 3639 male
670 3583 774 3634 nummi
784 3599 863 3653 supra
872 3580 937 3634 dicti
945 3582 1025 3634 habet
1033 3598 1182 3644 nuantcos,

125 3660 238 3731 quidem,
253 3662 300 3716 red
314 3664 372 3717 sine
384 3665 546 3718 auctoritate.
670 3681 749 3714 sensu
762 3660 854 3714 dubio.
872 3661 954 3714 Eckei
967 3658 1037 3712 doct.
1054 3678 1102 3712 riu.
1118 3672 1181 3712 vett.

158 3742 180 3796 6.
201 3745 228 3796 Is
248 3745 296 3796 ubi.
316 3744 357 3796 Ita
373 3742 451 3796 codd.
468 3755 535 3814 optt.
551 3745 628 3796 atis
669 3742 722 3794 vol.
738 3742 766 3807 1,
782 3761 808 3812 p.
827 3745 862 3794 62
880 3753 906 3793 et
921 3748 968 3810 74.
985 3741 1035 3792 On.

125 3820 168 3874 sibi.
183 3823 275 3876 Nostri
286 3841 393 3894 quoque
408 3821 585 3877 coddr'ssr'bi.
717 3840 743 3888 9.
768 3821 934 3891 Principotum
958 3825 983 3871 i'a
1008 3823 1102 3871 civitate
1129 3822 1181 3869 suri.

157 3906 182 3955 6.
201 3904 242 3955 Et
256 3923 272 3954 a
288 3903 316 3957 S.
333 3903 364 3956 P.
381 3903 412 3956 R.
431 3906 562 3956 Ascuam
581 3922 632 3975 po-
671 3899 752 3954 AEdui
774 3920 830 3953 non
854 3919 943 3972 regem
968 3899 1116 3961 habebant,
1135 3895 1183 3951 sed

125 3981 172 4047 puli
185 3983 298 4036 romani.
314 3984 354 4034 Ita
368 3984 498 4036 vetustiss.
515 3981 630 4037 reddet
671 4000 804 4034 summum
833 3981 1012 4051 magistratum
1040 3995 1182 4042 annuum,

125 4061 216 4130 optim.
227 4061 294 4115 Vid.
304 4062 384 4116 Rrisa.
399 4061 433 4117 de
445 4065 521 4116 form.
531 4063 579 4115 lib.
595 4080 627 4116 rr.
671 4059 773 4114 dictum
782 4060 926 4130 Vergobrot
936 4071 966 4110 ut
974 4060 1009 4109 ait
1015 4069 1104 4110 noster
1112 4058 1182 4110 infra

127 4138 172 4194 135
187 4155 214 4196 et
227 4158 299 4214 seqq.
309 4143 416 4215 Vulgat.
430 4162 446 4195 o
461 4143 488 4197 S.
503 4144 535 4197 Ρ.
548 4143 581 4213 Q.
594 4143 627 4195 tt
671 4159 694 4195 c.
716 4144 760 4195 16.
772 4142 798 4193 Is
813 4140 899 4195 autom
910 4142 1069 4210 principatum
1083 4136 1182 4192 dicitur
