2640 5280
124 863 223 908 xxii,
490 899 494 909 .
522 841 784 910 EDITORIS

126 969 246 1032 nullius
258 969 394 1033 omnino
409 971 586 1050 momenti,
600 986 632 1034 et
644 992 761 1058 paucas
773 967 950 1033 admodum
958 957 1196 1050 judicavimus,

125 1096 198 1159 quae
206 1072 249 1137 ad
259 1095 329 1137 rem
338 1074 495 1154 facerent,
507 1096 565 1138 seu
575 1075 750 1138 verborum
762 1074 888 1148 crisim,
901 1095 972 1153 seu,
983 1072 1072 1159 quod
1084 1073 1196 1136 multo

119 1179 242 1258 majus,
251 1180 393 1244 auctoris
405 1197 547 1263 mentem
560 1180 745 1268 respexeris.
758 1180 840 1261 Quae
849 1201 927 1241 vero
938 1175 1195 1265 praecedentium

123 1285 337 1373 interpretum
356 1287 559 1373 sagacitatem
572 1287 853 1361 sollicitaverant,
873 1278 1044 1346 in'novam
1063 1278 1195 1370 disqui-

125 1390 275 1453 sitionem
291 1391 493 1472 vocavimus;
509 1408 551 1473 et,
565 1390 593 1454 si
605 1390 685 1478 quid
704 1390 780 1455 inde
795 1389 875 1453 lucis
894 1387 934 1452 ad
951 1385 1194 1475 explanandum

124 1494 299 1580 aliquando
317 1480 531 1560 dilliciliorem
549 1519 681 1561 sensum
701 1511 900 1583 erumperet,
915 1495 1140 1580 suscepimus3
1160 1509 1194 1557 et

125 1602 217 1687 quasi
235 1603 269 1665 iu
294 1602 407 1667 fomite
428 1603 571 1689 quodam
597 1604 784 1691 rapuimus,
808 1603 865 1689 qui
887 1618 993 1665 totum
1016 1601 1196 1665 illustraret

124 1706 245 1771 locum.
255 1707 328 1771 ·Sed
340 1725 372 1771 et
383 1709 445 1772 illis
458 1708 591 1795 quidem
611 1707 803 1772 lectionibus
817 1731 884 1794 quo
899 1706 976 1771 lides
995 1706 1114 1769 certior
1131 1706 1194 1769 lra-

125 1812 272 1894 beretur,
284 1813 501 1879 consulendos
513 1815 741 1903 appellavimus
757 1814 883 1878 codices
894 1812 976 1876 duos
989 1835 1006 1874 e
1018 1812 1099 1876 Bibl.
1113 1812 1193 1902 lleg.

125 1917 241 2000 Paris,
260 1941 402 2004 quorum
420 1920 499 1983 alter
519 1919 730 2000 Colbertinus,
744 1917 784 1982 n⁰
804 1918 904 2006 5763,
917 1918 1055 1982 exeunte
1073 1917 1196 1981 saeculo

127 2045 231 2105 nono,
241 2025 291 2088 vel
302 2024 429 2089 decimo
441 2027 552 2090 saltem
565 2027 714 2107 ineunte,
728 2042 874 2091 exaratus
887 2049 896 2106 3
912 2024 1081 2088 Tartareus
1094 2023 1194 2104 alter,

127 2126 166 2193 11⁰
179 2128 282 2217 5764,
293 2132 470 2218 exscriptus
489 2132 551 2195 sub
570 2131 667 2195 linem
681 2129 824 2210 ejusdem
835 2131 950 2209 astatis,
964 2129 1047 2192 sama
1061 2126 1195 2191 tanturn

127 2235 363 2324 Oudendorpio
385 2239 583 2302 innotuerat.
607 2237 656 2300 Ad
675 2237 813 2300 istorum
832 2235 928 2298 fidem
954 2233 1196 2315 revocavimus,

123 2340 248 2428 (modo
266 2343 504 2420 consentirent,
525 2341 615 2429 quod
641 2365 723 2429 saepe
740 2341 856 2428 saepius
873 2338 1011 2423 accidit)
1030 2336 1197 2425 quidquid

126 2443 265 2510 dubium
287 2464 344 2515 aut
361 2447 523 2511 incertum
553 2448 772 2534 relinquerent
802 2447 923 2509 collatte
943 2446 1028 2509 inter
1046 2466 1080 2506 se
1099 2445 1198 2508 variae

126 2550 216 2615 MSS.
235 2552 405 2633 lectiones,
418 2553 502 2617 salva
520 2569 628 2615 tamen
644 2567 750 2617 textus
768 2550 938 2638 religione,
950 2550 984 2611 in
1000 2571 1099 2635 quem
1117 2550 1198 2612 novi

126 2656 217 2719 nihil.
226 2655 365 2744 irrepere
381 2657 562 2737 voluimus,
574 2657 721 2744 quamvis
736 2679 808 2719 raro
827 2656 982 2735 evenerit,
998 2670 1036 2717 ut
1051 2654 1198 2742 genuina

127 2762 236 2843 lectio,
248 2779 280 2825 et
298 2764 480 2827 Caesariano
498 2763 582 2851 stylo
600 2764 747 2850 propior,
763 2785 801 2824 ex
820 2784 856 2825 ea
874 2761 1044 2824 collatione
1061 2777 1199 2846 repente

127 2867 276 2932 eluceret.
295 2868 335 2933 ln
353 2868 439 2932 notis
458 2891 534 2932 vero
553 2850 774 2956 congessimus
788 2865 947 2954 quidquid
960 2863 1001 2928 ad
1020 2864 1198 2930 firmandas

125 2973 341 3055 conjecturas,
360 2975 411 3037 vel
428 2974 574 3037 lectionis
594 2973 809 3036 sinceritatem
834 2970 1096 3035 constituendam
1117 2962 1197 3057 pro·

127 3077 265 3142 habilius
283 3077 463 3142 videbatur.
476 3078 565 3143 Nihil
576 3078 718 3163 denique
736 3079 867 3141 illorum
885 3076 1069 3154 omisimus,
1084 3076 1196 3138 subsi-

125 3182 257 3247 diorum
272 3183 354 3246 nihil
365 3183 579 3272 neglenimus‚
587 3206 660 3269 quae
669 3205 728 3245 uos
740 3181 781 3245 ad
793 3165 1068 3269 castigatissimum
1079 3202 1195 3244 emen-

126 3290 291 3356 dationem
299 3309 432 3380 possent
449 3292 621 3359 adducere.
634 3293 747 3378 ltaque
766 3291 834 3355 haec
846 3289 961 3372 editio,
981 3313 1041 3353 nee
1059 3289 1196 3355 Ouden-

126 3396 298 3485 dorpiana,
315 3420 374 3462 nee
391 3399 580 3486 Bipontina;
600 3398 657 3462 sed
677 3414 745 3462 tota
763 3415 872 3461 nostra
891 3414 948 3461 est.

171 3502 276 3566 'sextu
291 3519 451 3589 quantum
465 3503 555 3567 licuit
573 3501 758 3582 emendato,
770 3501 811 3566 ad
822 3502 1122 3588 interpretationem
1136 3523 1194 3564 ve-

128 3610 256 3690 nimus;
276 3631 348 3695 quae
366 3608 498 3696 quidem
516 3610 549 3672 in
574 3609 730 3695 scriptore
756 3608 905 3671 omnium
924 3605 1140 3686 nitidissimo,
1160 3621 1194 3668 et

127 3724 184 3812 qui
201 3724 348 3816 σαφηνείᾳ
360 3737 489 3809 praestat
501 3721 726 3809 potissimum,
742 3720 896 3783 molestie
915 3718 1009 3799 nihil,
1025 3735 1057 3781 ct
1075 3741 1192 3805 parum

127 3853 213 3903 certe
230 3837 348 3903 laboris
368 3834 516 3899 habebat.
535 3834 642 3899 Pauca
658 3832 760 3913 enim,
773 3848 805 3895 et
823 3832 922 3920 longo
940 3828 1072 3917 quidem
1090 3830 1192 3893 inter-

126 3944 209 4010 vallo
226 3943 364 4008 discreta
374 3956 568 4022 occurrunt,
581 3962 652 4026 quae
667 3939 821 4002 lectorem
836 3935 1028 4025 impediant,
1042 3951 1074 3997 et
1090 3935 1192 3997 inter·

127 4052 225 4142 pretis
243 4049 442 4139 diligentiam
461 4047 665 4135 expostulent
683 4069 691 4110 :
712 4069 749 4109 ea
764 4061 812 4108 est
828 4044 1002 4107 verborum
1021 4040 1192 4104 concinni-

127 4176 195 4239 tas,
212 4172 244 4221 et
267 4155 375 4220 lucida
396 4154 631 4218 sententiarum
653 4153 826 4216 connexio!
847 4150 907 4213 Vix
926 4151 1025 4238 igitur
1043 4172 1079 4212 eo
1098 4147 1192 4211 dere

126 4262 306 4352 quidquam
324 4259 512 4327 addendum
529 4274 694 4349 supererat
712 4259 797 4323 curis
815 4256 991 4345 prioribus,
1011 4278 1082 4342 quae
1100 4254 1194 4317 illus·

127 4369 281 4436 trandum
292 4369 471 4435 Caesarema
482 4365 611 4455 Gothos
618 4368 871 4457 lungerrnenno,
883 4385 970 4425 anne
985 4362 1081 4441 1606,
1094 4362 1105 4429 l
1107 4377 1143 4422 ut
1151 4358 1193 4422 de

128 4477 249 4543 caeteris
268 4499 357 4542 nunc
376 4491 554 4557 taceamus,
573 4494 648 4539 nam
668 4471 797 4537 illorum
818 4469 949 4534 nomina
963 4466 1074 4535 indice
1092 4487 1193 4555 pecu·
