2640 5280
632 353 635 360 ι
647 349 650 361 l

190 847 233 890 xx
589 819 847 899 EDITORIS

190 971 354 1040 aperuere.
373 949 441 1012 Nec
461 946 659 1034 alienigenas
672 948 753 1012 Deos
774 948 959 1035 indigetibus
982 950 1105 1016 sociare
1128 949 1268 1016 dubita·

190 1057 307 1129 vimus.
326 1054 444 1141 Neque
458 1052 546 1125 enim
569 1075 629 1121 uos
652 1052 675 1114 ii
697 1076 815 1121 sumus
839 1053 896 1140 qui
914 1053 1024 1140 patria
1048 1053 1153 1129 lataffls
1177 1056 1269 1129 aalma

191 1161 326 1226 modum
336 1161 467 1242 curiosi,
475 1182 566 1224 suam
581 1161 723 1223 externis
734 1159 893 1249 denegare
905 1160 1132 1243 velimus3imo
1141 1186 1270 1254 agnos-

192 1269 310 1350 cimus,
329 1267 500 1355 palamque
514 1264 722 1352 profitemur,
742 1282 774 1329 st
793 1288 861 1331 non
881 1266 974 1329 inviti
992 1267 1142 1353 quidem,
1155 1291 1269 1354 quan·

192 1390 264 1437 tum
275 1371 412 1436 assiduis
425 1370 605 1435 Germaniae
613 1386 645 1435 et
652 1370 773 1459 Angliae
781 1370 968 1434 recentioris
979 1371 1268 1439 lucubrationibus

192 1503 245 1543 ars
255 1476 502 1558 criticadebeat3
515 1492 547 1539 et
554 1499 652 1563 quam
661 1476 776 1539 merito
784 1477 849 1540 sint
858 1475 891 1537 in
900 1475 1025 1541 honore
1033 1477 1120 1564 apud
1129 1500 1267 1542 ornnem

193 1586 357 1672 Europam
369 1583 515 1647 auorum
534 1582 682 1663 nomina,
696 1582 769 1668 qui,
784 1604 882 1668 quam
899 1581 1016 1645 dicunt
1027 1583 1267 1670 Philologiam,

192 1715 232 1755 eo
249 1705 498 1779 promoverunt,
519 1688 577 1752 ubi
600 1687 846 1751 consistendum
871 1688 964 1776 ipsis,
984 1688 1046 1752 nisi
1065 1689 1267 1777 praecipitem

192 1798 225 1860 in
244 1797 438 1885 pristinum,
458 1794 546 1858 unde
572 1809 758 1875 emerserat,
777 1794 874 1857 cbaos
892 1795 994 1857 velint
1014 1796 1142 1859 referre.
1164 1795 1268 1878 Quod

192 1903 290 1967 semel
311 1902 478 1990 professis,
497 1923 555 1988 per
573 1916 680 1963 totum
703 1901 808 1988 operis
828 1900 1028 1964 curriculum
1047 1901 1091 1964 ita
1109 1902 1270 1989 frequens

192 2006 407 2075 confirmandi
421 2007 510 2071 locus
520 2021 684 2086 occurret,
695 2022 733 2068 ut
747 2005 869 2069 nemini
882 2005 924 2068 sit
935 2004 1155 2071 dubitandum
1164 2029 1271 2094 qtran·

193 2113 220 2177 ti
231 2113 303 2178 illos
314 2112 486 2192 faciamus,
496 2111 557 2198 qui
565 2109 665 2177 duces
684 2110 779 2175 nobis
790 2109 1004 2198 praeiverunt,
1017 2127 1049 2174 et
1059 2134 1143 2198 quos
1154 2114 1269 2201 sequi,

192 2220 242 2283 vel
259 2242 322 2285 non
337 2220 435 2307 saquis
449 2219 612 2306 passibus,
630 2240 694 2281 non
712 2218 824 2281 ultimo
843 2217 914 2281 laus
930 2218 1038 2283 buerit.
1059 2219 1105 2281 Ea
1123 2240 1186 2284 nos
1204 2220 1268 2284 sti-

194 2327 296 2393 mulat
318 2324 454 2391 invidia!

237 2432 353 2518 Neque
375 2451 435 2495 nos
460 2446 635 2493 moverunt
652 2429 702 2492 vel
719 2429 836 2493 sinceri
861 2424 1085 2494 miserantium
1106 2433 1269 2515 affectus,

196 2539 247 2605 rel
263 2539 339 2610 meli
357 2537 610 2603 conviciantium
624 2537 790 2601 clamores.
802 2538 884 2602 Nam
897 2538 930 2600 in
943 2537 1014 2602 dies
1030 2539 1197 2604 invalescit
1215 2540 1271 2604 in·

195 2662 323 2709 ternos
350 2643 468 2708 emula
489 2645 638 2730 συνεργῶν
661 2644 871 2730 conspiratio,
891 2645 948 2730 qui
967 2661 1092 2732 partem
1111 2645 1176 2708 sibi
1199 2662 1270 2710 tam

194 2750 286 2817 dure
294 2749 470 2838 provincias
479 2747 701 2830 vindicarunt3
713 2766 745 2813 et
757 2749 902 2815 intentus
916 2751 1056 2837 quisque
1069 2752 1160 2838 operi
1176 2753 1272 2840 quod

194 2853 400 2919 tractandum
420 2853 554 2942 obtigit,
569 2856 736 2942 incoepnsm
758 2855 854 2918 tacite
872 2877 1027 2944 peragens
1040 2859 1113 2935 iter,
1133 2857 1269 2924 illomm

194 2982 263 3025 sese
271 2957 395 3040 judicio
405 2959 586 3046 permittet,
595 2959 667 3046 qui,
677 2982 782 3046 quum
794 2983 862 3023 non
872 2960 1012 3024 habeant
1019 2962 1270 3047 curinrideant,

194 3067 245 3130 vel
262 3065 351 3129 unde
368 3065 566 3146 irascantur,
579 3088 618 3129 ex
635 3088 733 3153 opere
746 3082 874 3130 tantum
888 3066 1019 3154 opifices
1035 3084 1113 3132 sunt
1126 3070 1271 3135 metim·

194 3172 272 3236 turi.
289 3170 341 3235 Ad
358 3171 488 3235 illorum
508 3171 609 3260 igitur
625 3171 768 3235 tribunal
786 3172 891 3236 securi
903 3173 1100 3255 accedimus3
1114 3197 1176 3238 nec
1187 3177 1271 3241 tales

193 3277 341 3365 profecto
353 3277 440 3341 viros
459 3277 577 3366 lugiet,
592 3300 675 3364 opus
691 3301 751 3342 nos
770 3279 871 3343 fuisse
885 3301 1051 3368 aggressos
1067 3280 1268 3346 immensum

195 3380 425 3470 amplitudine,
444 3380 689 3447 difficultatibus
708 3383 912 3464 intricatum,
923 3399 956 3446 et
969 3384 1123 3472 gravioris
1141 3385 1182 3449 ad
1196 3409 1268 3452 rem

195 3489 328 3555 latinam
346 3489 521 3568 momenti,
533 3511 632 3574 quam
643 3489 790 3570 credant,
802 3490 859 3576 qui
878 3507 1021 3554 mentem
1039 3507 1183 3556 nostram
1199 3515 1268 3558 non

196 3595 271 3659 satis
289 3594 521 3681 perspexerint.

242 3699 330 3784 Quid
341 3722 419 3763 vero
429 3701 584 3764 lectorem
593 3700 723 3788 longius
735 3723 901 3766 moremur
909 3701 923 3765 l
931 3701 1027 3766 babet
1032 3702 1098 3782 jam
1110 3704 1196 3768 inter
1203 3727 1271 3769 ma-

197 3831 258 3873 nus
269 3804 359 3871 unde
372 3806 453 3870 ferat
459 3805 631 3893 judicium.
644 3806 742 3870 Nunc
757 3806 859 3872 discat
868 3830 913 3871 ex
922 3830 985 3871 uno
997 3809 1077 3871 libro
1089 3810 1147 3895 qui
1163 3810 1269 3876 futuri

197 3913 263 3976 siat
281 3934 407 3991 omnes,
430 3910 540 3998 quoad
558 3911 669 3974 saltem
694 3912 741 3975 rei
763 3913 864 3976 totius
892 3913 1175 3997 informationem,
1194 3939 1270 4002 quse

196 4018 344 4106 religiose
368 4019 403 4082 io
422 4017 650 4105 sequentibus,
671 4035 703 4082 et
721 4018 761 4081 ab
786 4041 989 4107 unoquoque
1006 4021 1182 4108 interprete
1199 4044 1270 4086 ser-

196 4123 335 4190 rabitur.

240 4232 309 4297 Cur
327 4246 435 4294 autem
455 4230 560 4316 operis
579 4230 711 4293 initium
727 4231 783 4295 al.
804 4231 943 4297 Casinis
963 4234 1211 4297 Connmrnnus
1229 4233 1273 4299 de

195 4335 286 4399 Bello
309 4333 435 4399 Gallico
454 4334 659 4416 duxerimus,
679 4358 777 4401 nemo
795 4359 871 4400 sane
891 4335 1058 4401 Gallorum
1078 4337 1271 4422 mirabitur,

195 4442 269 4528 qui,
288 4464 356 4505 non
381 4442 451 4505 sine
472 4441 618 4528 quodam
636 4442 794 4532 superbiae
812 4466 928 4527 sensu,
946 4444 1038 4510 avitas
1058 4446 1181 4534 passim
1200 4445 1269 4512 vir·
